1763 3116
366 126 428 155 Dls.
462 123 622 154 RAPTU
659 122 979 153 PROSERmNAE
1013 123 1110 153 LIB.
1142 123 1196 154 Η.

55 220 112 251 lib.
129 228 202 251 xvi.
233 219 379 259 ‘impius
409 218 494 258 ignis
519 216 689 254 Dissiluit,
707 216 753 246 ci-

55 279 223 311 neresque
252 270 347 300 simul
379 268 526 308 jacuisse
559 264 752 306 negarunt.’

55 320 196 359 Statius,
219 319 325 350 Theb.
342 326 420 348 νιιι.
447 317 488 346 de
514 314 645 346 fluviis:
663 316 671 331 ‘
689 315 751 345 sibi

54 371 195 411 quisque
213 368 374 409 superbus
387 366 442 397 Ire
456 365 564 404 cupit,
579 370 750 405 pontoque

54 424 179 460 negant
195 415 402 448 descendere
417 414 513 444 mixti
527 414 547 444 :’
575 415 623 445 sic
642 419 677 445 et
693 414 750 446 alii

53 470 187 510 passim.
211 468 255 499 D.
273 466 386 497 Heius.

96 521 156 549 182
180 515 349 554 Tum-sorti
360 515 480 546 saucius
492 514 571 554 ictu]
599 515 657 545 Ter
667 525 750 546 unus

51 567 145 598 Med.
162 571 195 596 et
213 566 388 596 Puteauea
401 569 572 605 excerpta.
595 565 691 596 Idem.

93 619 153 647 184
178 616 350 656 Fractoque
373 615 490 655 meatu]
526 616 617 646 Cave
633 615 749 646 audias

49 668 276 705 membranas,
293 667 325 697 in
343 666 570 707 quibussucto.
604 666 749 697 Severus

49 718 82 748 in
100 717 200 748 AEtua
216 729 222 748 :
240 719 248 734 ‘
263 717 433 758 Quicquid
448 718 480 747 in
495 717 667 758 obliquum
684 722 748 757 est,

49 767 212 808 frangunt
227 767 314 798 iter!
340 768 439 798 Idem.

94 821 152 848 185
179 817 562 858 Reddunturfluciusque]
597 818 673 850 Non
683 818 749 858 flu-

47 867 162 907 viique,
177 868 328 898 codices.
358 867 454 898 Idem.

92 919 153 947 186
179 916 293 956 Manu]
331 917 385 955 Vi,
418 916 552 955 robore,
582 918 747 957 potentia.

49 966 166 998 Barth.

89 1018 150 1047 187
175 1015 293 1055 Hiatu]
341 1015 462 1046 Cicero
490 1015 538 1046 ait
563 1016 656 1047 circa
681 1017 748 1048 En-

47 1076 122 1097 nam
151 1067 347 1106 speluncam
372 1065 462 1096 tradi
485 1065 618 1097 infinita
635 1067 749 1098 altitu·

46 1117 125 1148 diue
149 1117 190 1147 ad
218 1116 422 1157 Aquilonem
447 1126 657 1155 conversam,
682 1127 748 1158 qua

47 1168 165 1198 Ditem
183 1166 297 1198 ferunt
323 1177 397 1198 cum
426 1177 524 1198 curru
540 1168 747 1208 ascendisse,

45 1218 94 1248 ita
111 1222 148 1249 ut
165 1217 277 1248 subito
305 1227 370 1248 non
397 1218 495 1257 louge
527 1228 545 1248 a
570 1218 746 1258 Syracusis

45 1268 106 1299 sub
122 1273 230 1299 terras
248 1268 446 1308 penetrarit.
478 1269 598 1299 Clarer.

90 1320 152 1348 189
175 1319 338 1348 Dlutarere
351 1318 475 1358 fldem:
506 1318 601 1348 vetito
626 1328 658 1348 se
678 1327 747 1357 pro-

44 1368 103 1398 luit
129 1369 241 1399 Arclos
262 1368 413 1409 Aunore]
453 1369 528 1398 Hoc
557 1373 623 1406 est,
654 1372 748 1398 tanta

44 1426 157 1447 rerum
186 1417 330 1447 mutatio
361 1416 464 1455 facta,
487 1422 524 1447 ut
554 1417 610 1446 illa
635 1417 748 1447 sidera

44 1467 188 1507 polaria,
213 1477 286 1507 qua‘
304 1467 396 1506 prius
420 1476 558 1507 aequore
576 1467 661 1505 tingi
679 1476 746 1496 me-

44 1516 198 1554 tuebant,
229 1515 357 1547 affatim
383 1517 482 1547 maris
503 1526 590 1557 aqua
604 1526 638 1546 se
654 1516 745 1547 lave,-

44 1567 122 1598 rint.
138 1567 227 1597 idem
241 1567 341 1607 po'eta
356 1566 388 1597 in
401 1567 537 1598 Sereuae
550 1566 744 1597 laudatione

44 1617 245 1658 Hispaniam
263 1616 481 1657 ἐγκωμιάζωνι
505 1618 513 1634 ‘
533 1617 745 1657 primolavat

46 1676 180 1708 aequore
194 1668 304 1698 Solem
321 1668 439 1698 India:
458 1672 494 1698 tu
505 1666 608 1697 fessos
622 1671 746 1697 exacta

43 1718 120 1748 luce
132 1718 268 1758 jugales
283 1717 441 1755 Proluis‚'
454 1720 517 1750 See.
541 1716 639 1748 India
649 1719 745 1757 lavat,

43 1768 102 1799 sed
120 1768 288 1808 Hispania
300 1769 431 1809 proluit,
447 1768 537 1809 quod
559 1768 659 1807 longe
676 1778 744 1798 ma-

36 1818 105 1858 jus.
131 1819 263 1849 casaub.

87 1871 148 1900 190
173 1870 321 1910 I’igrum]
358 1869 387 1899 A
411 1868 559 1900 moribus
577 1868 743 1908 plaustra-

44 1919 179 1951 riorum.
204 1920 319 1950 Barth.

88 1972 148 2000 193
175 1970 319 2008 Caligine
330 1969 430 2010 pasci]
468 1970 643 2009 Ferrugine
659 1980 743 2001 uuus

45 2019 167 2049 Petav.
192 2020 236 2050 D.
255 2021 365 2051 Heius.

89 2072 150 2099 196
180 2070 329 2108 Pugnant
366 2074 483 2100 temone
516 2071 646 2111 reverti]
688 2072 743 2103 Sic

44 2118 161 2159 primae
174 2119 251 2150 edd.
269 2124 303 2149 et
320 2130 413 2151 meus
429 2120 535 2150 liber:
554 2121 607 2150 alii
624 2125 744 2152 certant

43 2169 96 2199 vel
124 2172 254 2200 tentant.
280 2170 383 2200 Ovid.
411 2170 497 2200 Met.
521 2179 554 2201 v.
586 2171 743 2202 ‘Nititur

41 2218 98 2249 ille
113 2220 247 2260 quidem
267 2225 463 2260 pugnatque
487 2229 666 2260 resurgere
683 2231 743 2251 su:-

43 2270 121 2310 pe:’
146 2281 220 2311 quae
251 2280 330 2301 vera
359 2271 471 2301 lectio.
497 2271 588 2301 Fast.
606 2281 646 2302 11.
674 2272 682 2286 ‘
699 2273 743 2303 Et

43 2320 151 2350 solida
178 2330 286 2350 ramos
315 2320 420 2359 figere
452 2326 582 2361 pugnat
619 2322 744 2353 humo!

43 2369 171 2399 Statius
188 2370 296 2401 Theb.
311 2380 358 2401 νι.
381 2372 389 2386 ‘
406 2377 559 2411 pugnant
575 2373 668 2402 exire
687 2383 741 2412 pa-

44 2423 193 2459 ventque
205 2419 225 2450 2'
250 2425 285 2451 et
300 2421 466 2460 apposite,
477 2422 585 2453 Theb.
599 2432 645 2454 ιν.
664 2425 672 2440 ‘
688 2424 742 2463 Ip-

43 2479 79 2499 se
97 2469 233 2509 quidem
260 2472 375 2502 mallet
401 2477 519 2511 terras,
544 2479 743 2515 pugnatque

46 2519 196 2549 reverti!
218 2519 313 2550 Idem.

90 2571 150 2599 198
177 2569 356 2600 Torrentius
370 2581 457 2602 amne
479 2572 633 2612 Hiberna]
669 2573 743 2605 Sta-

45 2619 112 2650 tius
128 2619 187 2649 lib.
204 2628 253 2649 vr.
275 2621 283 2636 ‘
299 2619 463 2650 Ainnibus
475 2621 623 2651 hibernis
636 2624 744 2655 minor

46 2673 111 2706 est,
127 2668 234 2699 minor
248 2668 395 2709 impetus
408 2669 499 2709 igui.'
526 2670 643 2703 Barth.

1395 119 1507 161 1655

851 216 1031 246 Torrentius
1042 216 1144 256 amne]
1166 215 1345 248 Conferam
1362 229 1507 254 summos

805 266 932 296 Poetas
948 266 990 297 de
1008 267 1119 306 palma
1137 271 1310 297 certantes
1334 268 1366 297 iu
1389 272 1507 302 celeri.

806 319 878 345 tate
916 315 1157 346 describenda.
1204 318 1290 347 Stat.
1320 325 1370 349 vx.
1404 320 1508 353 Theb.

803 365 812 381 ‘
830 375 904 406 quae
921 370 1052 396 tautum
1070 366 1184 397 nubila
1203 367 1300 407 coelo,
1316 367 1401 400 Quae
1416 368 1507 402 bello

804 415 853 445 sic
871 415 939 455 pila
958 415 1082 455 volant,
1106 425 1180 456 quae
1208 416 1349 447 carbasa
1375 419 1507 457 ponto?

804 464 967 496 Amuibus
998 465 1148 496 hibernis
1174 467 1282 498 minor
1312 473 1377 507 est,
1398 468 1508 500 minor

803 516 951 556 impetus
984 517 1065 557 igni,
1092 518 1233 549 Tardius
1252 524 1342 550 astra
1356 521 1507 560 cadunt,'

803 569 866 598 dcc.
910 567 977 598 Sed
996 568 1089 598 illum
1105 569 1229 608 premit
1246 570 1348 601 Ovid.
1364 572 1506 604 Metam.

804 625 838 647 x.
868 617 951 648 Fab.
983 621 1032 650 ll.
1057 619 1146 649 hunc
1168 620 1267 650 Maro
1290 621 1421 652 AEueid.
1438 631 1505 654 vn.

802 667 835 697 iu
852 666 929 706 fine,
947 678 1044 708 quein
1067 673 1183 700 noster
1210 670 1317 710 longis
1346 681 1506 712 parasan-

803 717 866 757 gis,
893 718 994 748 etiam
1024 718 1140 749 iisdem
1173 720 1284 750 verbis
1321 725 1506 762 exsuperat

802 767 844 798 de
862 776 916 797 ιιι.
936 768 1079 798 Houorii
1096 769 1232 801 Consul.
1250 770 1328 802 fine.
1363 771 1504 812 Confer,

802 822 837 847 ct
864 827 917 848 me
949 818 1169 858 impudentiae
1194 830 1310 860 argue,
1334 821 1367 852 ni
1383 822 1432 853 ita
1450 821 1507 854 sit.

802 868 982 909 Dempster.

844 921 904 948 201
930 918 1081 949 Sollicitae
1099 911 1223 959 viantis]
1249 921 1505 959 Cogitationum

801 968 1015 998 celeritatem
1048 978 1119 998 rem
1151 970 1296 1000 omnium
1335 972 1505 1002 velocissi-

800 1027 887 1047 mam
899 1017 999 1047 scivit
1008 1018 1142 1056 Thales,
1155 1023 1242 1049 teste
1257 1019 1395 1050 Laertio
1406 1021 1466 1051 lib.
1480 1030 1504 1052 1.

801 1066 897 1097 Idem
917 1067 1037 1098 Claud.
1064 1068 1072 1083 ‘
1086 1067 1156 1098 Pro
1179 1069 1247 1099 telo
1265 1071 1394 1108 geritur
1410 1071 1504 1110 quic-

800 1117 879 1157 quid
912 1117 1119 1157 suggesserit
1146 1118 1195 1148 ira
1210 1118 1230 1149 :'
1269 1119 1373 1159 Apud
1402 1120 1504 1153 Hom.

800 1172 878 1198 suut
895 1166 970 1198 ἔπεα
983 1166 1163 1207 πτερόεντα.
1186 1168 1304 1199 Barth.

842 1217 1003 1248 Discurrit
1018 1219 1158 1259 acumen]
1196 1219 1315 1249 Malim
1333 1220 1502 1252 discurrat.

800 1267 844 1298 D.
864 1267 984 1297 Heius.

841 1319 904 1347 202
939 1316 1112 1356 Sanguine]
1151 1317 1240 1348 Quia
1268 1319 1503 1351 reluctandum

800 1371 852 1397 est
869 1367 1069 1406 impetuosis
1086 1365 1205 1405 fraeno,
1223 1368 1415 1407 sanguineis
1428 1379 1504 1410 spu-

799 1417 858 1446 mis
870 1416 954 1447 dicit
966 1415 1074 1447 frmna
1085 1416 1282 1447 decolorata
1290 1416 1403 1449 fuisse.
1420 1419 1505 1450 Bar-

797 1466 890 1497 thius.

839 1518 902 1546 204
940 1515 1128 1556 Dzffugiunt
1160 1518 1331 1557 Nymphae]
1375 1520 1502 1551 Versus

797 1575 868 1596 rem
887 1565 1030 1596 mirifice
1044 1566 1251 1605 exprimens.
1276 1568 1375 1598 Idem.

838 1618 900 1646 205
927 1615 1099 1654 Gorgonis]
1125 1616 1287 1654 Gorgonos
1299 1617 1430 1657 scripti.
1454 1618 1500 1649 D.

795 1665 907 1697 Heius.

837 1718 901 1746 206
927 1713 1045 1754 Cornu]
1068 1714 1172 1746 Areu.
1196 1715 1310 1746 Barth.

838 1768 902 1796 209
927 1765 984 1795 Ille
1009 1764 1108 1804 velut]
1140 1765 1219 1796 l'rae
1237 1766 1373 1797 caeteris
1389 1768 1502 1798 excel·

794 1815 878 1845 lens.
902 1815 999 1846 Mem.

837 1868 900 1897 210
924 1865 1255 1905 Nudataqueriscera]
1280 1866 1413 1897 Pectora
1428 1868 1500 1898 vul-

795 1918 884 1956 gati:
912 1916 1012 1956 paulo
1038 1919 1116 1945 ante
1144 1915 1274 1945 frustra
1302 1916 1426 1946 vetusti
1444 1926 1499 1947 co-

795 1965 887 1996 dices
900 1966 960 1996 telo
974 1975 1033 2004 pro
1045 1975 1157 2000 cornu;
1181 1975 1284 2004 supra
1297 1966 1352 1996 lib.
1366 1975 1387 1997 1.
1402 1967 1410 1983 ‘
1423 1967 1502 1998 Pal·

794 2017 844 2047 las
862 2021 897 2047 et
914 2015 1038 2046 inflexo
1053 2026 1127 2056 quar·
1142 2020 1250 2046 terret
1264 2017 1412 2047 Maenala
1427 2027 1500 2048 cor-

794 2067 861 2098 nu.'
908 2066 1011 2097 Ovid.
1039 2067 1149 2105 Epist.
1177 2066 1357 2097 Phaedrae:
1396 2067 1498 2099 ‘Jam

794 2117 873 2147 milii
892 2116 998 2156 prima
1024 2115 1088 2146 dea
1114 2120 1165 2146 est
1192 2126 1296 2146 cornu
1321 2117 1499 2158 praesignis

795 2167 927 2197 adunco
945 2167 1047 2197 Delia
1062 2169 1080 2196 :'
1102 2166 1149 2197 sic
1178 2172 1275 2197 vetus
1304 2166 1404 2207 liber,
1431 2177 1498 2199 non

795 2227 879 2247 arcu.
906 2217 950 2247 D.
968 2217 1086 2246 Heius.

837 2270 898 2298 213
929 2267 1010 2297 Viles
1025 2265 1101 2305 irus]
1125 2266 1387 2307 Velutviliores,
1399 2277 1499 2308 quam

794 2329 876 2360 quas
894 2317 1074 2348 attendere
1092 2317 1207 2357 possit.
1231 2317 1347 2348 Barth.

839 2371 1004 2401 Pastorum
1020 2368 1148 2408 despicit
1172 2368 1251 2407 iras]
1287 2368 1433 2400 Putean.
1450 2370 1500 2399 de-

792 2423 889 2463 spuit.
916 2431 964 2453 lv.
981 2423 1081 2452 Cous.
1111 2421 1198 2451 Hon.
1222 2423 1231 2437 ‘
1247 2421 1414 2462 Torquati
1440 2421 1498 2451 de-
1554 2462 1558 2463 ⁷

795 2483 880 2513 spue
900 2472 1034 2502 mores.'
1080 2472 1238 2511 Respuere
1259 2477 1292 2501 et
1309 2473 1454 2512 despuere
1478 2481 1498 2501 a

794 2522 914 2553 Poetis
933 2522 1091 2552 videntur
1108 2520 1270 2551 confundi
1287 2532 1294 2552 ε
1329 2523 1376 2551 sic
1393 2530 1497 2560 respu-

794 2584 843 2604 ere
856 2582 960 2613 preces
981 2579 1016 2602 et
1041 2573 1198 2611 despuere,
1216 2572 1415 2612 similiaque.
1444 2579 1495 2601 lv.

796 2625 896 2654 Cous.
912 2623 1003 2654 Hon.
1026 2625 1035 2639 ‘
1052 2623 1139 2653 alter
1154 2628 1326 2664 praecepta
1346 2619 1495 2651 xocantis

793 2673 962 2716 Respuit.'
1000 2674 1101 2705 Cons.
1119 2672 1253 2713 Manlii,
1280 2673 1288 2689 ‘
1306 2671 1378 2712 quis
1393 2669 1496 2709 insig-
