<?xml version="1.0" encoding="UTF-8"?>
<!DOCTYPE html PUBLIC "-//W3C//DTD XHTML 1.0 Transitional//EN"
    "http://www.w3.org/TR/xhtml1/DTD/xhtml1-transitional.dtd">
<html xmlns="http://www.w3.org/1999/xhtml" xml:lang="en" lang="en">
 <head>
  <title>
</title>
<meta http-equiv="Content-Type" content="text/html;charset=utf-8" />
  <meta name='ocr-system' content='tesseract 3.04.00' />
  <meta name='ocr-capabilities' content='ocr_page ocr_carea ocr_par ocr_line ocrx_word'/>
</head>
<body>
  <div class='ocr_page' id='page_1' title='image "./operaomniaexedit04clauuoft_0254.png"; bbox 0 0 1859 3148; ppageno 0'>
   <div class='ocr_carea' id='block_1_1' title="bbox 309 125 422 168">
    <p class='ocr_par' dir='ltr' id='par_1_1' title="bbox 309 125 422 168">
     <span class='ocr_line' id='line_1_1' title="bbox 309 125 422 168; baseline 0.009 -3"><span class='ocrx_word' id='word_1_1' title='bbox 309 125 422 168; x_wconf 69' lang='lat'>1792</span> 
     </span>
    </p>
   </div>
   <div class='ocr_carea' id='block_1_2' title="bbox 308 226 1013 320">
    <p class='ocr_par' dir='ltr' id='par_1_2' title="bbox 308 226 1013 320">
     <span class='ocr_line' id='line_1_2' title="bbox 310 226 1013 269; baseline -0.004 -10"><span class='ocrx_word' id='word_1_2' title='bbox 310 232 379 259; x_wconf 78' lang='lat' dir='ltr'>lore.</span> <span class='ocrx_word' id='word_1_3' title='bbox 390 232 449 260; x_wconf 84' lang='lat' dir='ltr'>aut</span> <span class='ocrx_word' id='word_1_4' title='bbox 459 227 597 269; x_wconf 78' lang='lat' dir='ltr'><strong>frigore,</strong></span> <span class='ocrx_word' id='word_1_5' title='bbox 610 227 651 258; x_wconf 88' lang='lat' dir='ltr'>de</span> <span class='ocrx_word' id='word_1_6' title='bbox 665 226 879 268; x_wconf 74' lang='lat' dir='ltr'>perennitate</span> <span class='ocrx_word' id='word_1_7' title='bbox 897 226 1013 267; x_wconf 81' lang='lat' dir='ltr'>utique</span> 
     </span>
     <span class='ocr_line' id='line_1_3' title="bbox 308 277 1008 320; baseline -0.004 -9"><span class='ocrx_word' id='word_1_8' title='bbox 308 282 340 310; x_wconf 84' lang='lat' dir='ltr'>iu</span> <span class='ocrx_word' id='word_1_9' title='bbox 376 284 543 320; x_wconf 84' lang='lat' dir='ltr'>posterum</span> <span class='ocrx_word' id='word_1_10' title='bbox 571 279 624 310; x_wconf 84' lang='lat' dir='ltr'>hic</span> <span class='ocrx_word' id='word_1_11' title='bbox 666 279 838 318; x_wconf 78' lang='lat' dir='ltr'>loquatur,</span> <span class='ocrx_word' id='word_1_12' title='bbox 877 277 1008 308; x_wconf 80' lang='lat' dir='ltr'>scribe:</span> 
     </span>
    </p>
   </div>
   <div class='ocr_carea' id='block_1_3' title="bbox 538 131 1529 165">
    <p class='ocr_par' dir='ltr' id='par_1_3' title="bbox 538 131 1529 165">
     <span class='ocr_line' id='line_1_4' title="bbox 538 131 1529 165; baseline -0.001 0"><span class='ocrx_word' id='word_1_13' title='bbox 538 135 679 165; x_wconf 79' lang='lat' dir='ltr'><strong>NOTAE</strong></span> <span class='ocrx_word' id='word_1_14' title='bbox 715 131 980 164; x_wconf 76' lang='lat' dir='ltr'>VARloRUM</span> <span class='ocrx_word' id='word_1_15' title='bbox 1015 132 1066 162; x_wconf 84' lang='lat' dir='ltr'>IN</span> <span class='ocrx_word' id='word_1_16' title='bbox 1101 133 1174 163; x_wconf 71' lang='lat' dir='ltr'>cb.</span> <span class='ocrx_word' id='word_1_17' title='bbox 1207 133 1389 163; x_wconf 82' lang='lat' dir='ltr'>CLAUD.</span> <span class='ocrx_word' id='word_1_18' title='bbox 1426 134 1529 165; x_wconf 83' lang='lat' dir='ltr'>LXI.</span> 
     </span>
    </p>
   </div>
   <div class='ocr_carea' id='block_1_4' title="bbox 1063 226 1759 308">
    <p class='ocr_par' dir='ltr' id='par_1_4' title="bbox 1063 226 1759 308">
     <span class='ocr_line' id='line_1_5' title="bbox 1063 226 1759 267; baseline 0 -10"><span class='ocrx_word' id='word_1_19' title='bbox 1063 228 1185 258; x_wconf 80' lang='lat' dir='ltr'>AEtatis</span> <span class='ocrx_word' id='word_1_20' title='bbox 1224 227 1359 267; x_wconf 77' lang='lat' dir='ltr'>spatium</span> <span class='ocrx_word' id='word_1_21' title='bbox 1401 236 1455 258; x_wconf 83' lang='lat' dir='ltr'>nec</span> <span class='ocrx_word' id='word_1_22' title='bbox 1492 226 1629 258; x_wconf 79' lang='lat' dir='ltr'>tenuabit</span> <span class='ocrx_word' id='word_1_23' title='bbox 1672 228 1759 258; x_wconf 65' lang='lat' dir='ltr'>edax.</span> 
     </span>
     <span class='ocr_line' id='line_1_6' title="bbox 1066 277 1184 308; baseline 0.008 -1"><span class='ocrx_word' id='word_1_24' title='bbox 1066 277 1184 308; x_wconf 83' lang='lat' dir='ltr'>Barth.</span> 
     </span>
    </p>
   </div>
   <div class='ocr_carea' id='block_1_5' title="bbox 975 481 1081 522">
    <p class='ocr_par' dir='ltr' id='par_1_5' title="bbox 975 481 1081 522">
     <span class='ocr_line' id='line_1_7' title="bbox 975 481 1081 522; baseline -0.009 0"><span class='ocrx_word' id='word_1_25' title='bbox 975 481 1081 522; x_wconf 90' lang='lat' dir='ltr'>LX.</span> 
     </span>
    </p>
   </div>
   <div class='ocr_carea' id='block_1_6' title="bbox 894 623 1167 667">
    <p class='ocr_par' dir='ltr' id='par_1_6' title="bbox 894 623 1167 667">
     <span class='ocr_line' id='line_1_8' title="bbox 894 623 1167 667; baseline -0.015 0"><span class='ocrx_word' id='word_1_26' title='bbox 894 627 966 667; x_wconf 86' lang='grc'>10.</span> <span class='ocrx_word' id='word_1_27' title='bbox 1017 623 1167 664; x_wconf 74' lang='lat' dir='ltr'>Aliter.</span> 
     </span>
    </p>
   </div>
   <div class='ocr_carea' id='block_1_7' title="bbox 311 743 1019 1835">
    <p class='ocr_par' dir='ltr' id='par_1_7' title="bbox 311 743 1009 928">
     <span class='ocr_line' id='line_1_9' title="bbox 356 743 1008 784; baseline -0.005 -7"><span class='ocrx_word' id='word_1_28' title='bbox 356 750 366 777; x_wconf 88' lang='lat' dir='ltr'>l</span> <span class='ocrx_word' id='word_1_29' title='bbox 397 744 559 784; x_wconf 72' lang='lat' dir='ltr'>Immanis]</span> <span class='ocrx_word' id='word_1_30' title='bbox 584 745 717 776; x_wconf 83' lang='lat' dir='ltr'>Nullius</span> <span class='ocrx_word' id='word_1_31' title='bbox 744 744 793 775; x_wconf 86' lang='lat' dir='ltr'>rei</span> <span class='ocrx_word' id='word_1_32' title='bbox 819 743 929 776; x_wconf 86' lang='lat' dir='ltr'>officio</span> <span class='ocrx_word' id='word_1_33' title='bbox 949 747 1008 775; x_wconf 87' lang='lat' dir='ltr'>aut</span> 
     </span>
     <span class='ocr_line' id='line_1_10' title="bbox 311 795 1009 837; baseline -0.003 -10"><span class='ocrx_word' id='word_1_34' title='bbox 311 806 447 827; x_wconf 84' lang='lat' dir='ltr'>munere</span> <span class='ocrx_word' id='word_1_35' title='bbox 476 795 672 836; x_wconf 76' lang='lat' dir='ltr'>impeditus,</span> <span class='ocrx_word' id='word_1_36' title='bbox 699 796 777 837; x_wconf 86' lang='lat' dir='ltr'>quia</span> <span class='ocrx_word' id='word_1_37' title='bbox 797 795 846 826; x_wconf 84' lang='lat' dir='ltr'>sni</span> <span class='ocrx_word' id='word_1_38' title='bbox 874 805 1009 836; x_wconf 76' lang='lat' dir='ltr'>semper</span> 
     </span>
     <span class='ocr_line' id='line_1_11' title="bbox 311 845 1009 887; baseline 0 -11"><span class='ocrx_word' id='word_1_39' title='bbox 311 848 353 877; x_wconf 68' lang='lat' dir='ltr'>sit</span> <span class='ocrx_word' id='word_1_40' title='bbox 371 845 498 876; x_wconf 84' lang='lat' dir='ltr'>similis.</span> <span class='ocrx_word' id='word_1_41' title='bbox 544 845 720 884; x_wconf 89' lang='lat' dir='ltr'>Immunis,</span> <span class='ocrx_word' id='word_1_42' title='bbox 737 846 793 887; x_wconf 86' lang='lat' dir='ltr'>qui</span> <span class='ocrx_word' id='word_1_43' title='bbox 817 845 898 876; x_wconf 87' lang='lat' dir='ltr'>nihil</span> <span class='ocrx_word' id='word_1_44' title='bbox 923 845 1009 886; x_wconf 83' lang='lat' dir='ltr'>pati-</span> 
     </span>
     <span class='ocr_line' id='line_1_12' title="bbox 312 888 595 928; baseline -0.007 -1"><span class='ocrx_word' id='word_1_45' title='bbox 312 905 375 928; x_wconf 86' lang='lat' dir='ltr'>tur.</span> <span class='ocrx_word' id='word_1_46' title='bbox 400 897 516 928; x_wconf 71' lang='lat' dir='ltr'>Barth.</span> <span class='ocrx_word' id='word_1_47' title='bbox 587 888 595 893; x_wconf 52' lang='lat'>⁵</span> 
     </span>
    </p>

    <p class='ocr_par' dir='ltr' id='par_1_8' title="bbox 312 946 1010 1084">
     <span class='ocr_line' id='line_1_13' title="bbox 354 946 1010 986; baseline 0.003 -11"><span class='ocrx_word' id='word_1_48' title='bbox 354 950 371 977; x_wconf 75' lang='lat'>:3</span> <span class='ocrx_word' id='word_1_49' title='bbox 398 948 507 977; x_wconf 80' lang='lat' dir='ltr'><em>Nonne</em></span> <span class='ocrx_word' id='word_1_50' title='bbox 537 946 634 986; x_wconf 71' lang='lat' dir='ltr'>vides]</span> <span class='ocrx_word' id='word_1_51' title='bbox 673 947 790 986; x_wconf 73' lang='lat' dir='ltr'>Digito</span> <span class='ocrx_word' id='word_1_52' title='bbox 820 951 946 977; x_wconf 84' lang='lat' dir='ltr'>certam</span> <span class='ocrx_word' id='word_1_53' title='bbox 975 951 1010 977; x_wconf 86' lang='lat' dir='ltr'>ct</span> 
     </span>
     <span class='ocr_line' id='line_1_14' title="bbox 312 996 1010 1036; baseline 0 -10"><span class='ocrx_word' id='word_1_54' title='bbox 312 997 416 1027; x_wconf 75' lang='lat' dir='ltr'>oculis</span> <span class='ocrx_word' id='word_1_55' title='bbox 445 996 633 1036; x_wconf 69' lang='lat' dir='ltr'>subjectam</span> <span class='ocrx_word' id='word_1_56' title='bbox 660 1006 729 1026; x_wconf 83' lang='lat' dir='ltr'>rem</span> <span class='ocrx_word' id='word_1_57' title='bbox 746 1001 1010 1027; x_wconf 83' lang='lat' dir='ltr'>commonstran-</span> 
     </span>
     <span class='ocr_line' id='line_1_15' title="bbox 315 1046 772 1084; baseline 0 -8"><span class='ocrx_word' id='word_1_58' title='bbox 315 1048 368 1084; x_wconf 64' lang='lat' dir='ltr'>tis,</span> <span class='ocrx_word' id='word_1_59' title='bbox 384 1047 561 1084; x_wconf 82' lang='lat' dir='ltr'>increpato</span> <span class='ocrx_word' id='word_1_60' title='bbox 580 1046 671 1075; x_wconf 79' lang='lat' dir='ltr'>velut</span> <span class='ocrx_word' id='word_1_61' title='bbox 689 1046 772 1077; x_wconf 87' lang='lat' dir='ltr'>visu.</span> 
     </span>
    </p>

    <p class='ocr_par' dir='ltr' id='par_1_9' title="bbox 311 1094 1016 1583">
     <span class='ocr_line' id='line_1_16' title="bbox 358 1094 1011 1135; baseline -0.002 -9"><span class='ocrx_word' id='word_1_62' title='bbox 358 1097 465 1126; x_wconf 74' lang='lat' dir='ltr'><em>Nonne</em></span> <span class='ocrx_word' id='word_1_63' title='bbox 488 1095 572 1125; x_wconf 74' lang='lat' dir='ltr'>rides</span> <span class='ocrx_word' id='word_1_64' title='bbox 588 1095 737 1135; x_wconf 75' lang='lat' dir='ltr'>propriis]</span> <span class='ocrx_word' id='word_1_65' title='bbox 772 1094 889 1126; x_wconf 81' lang='lat' dir='ltr'>Scribe</span> <span class='ocrx_word' id='word_1_66' title='bbox 905 1105 1011 1135; x_wconf 81' lang='lat' dir='ltr'>prope-</span> 
     </span>
     <span class='ocr_line' id='line_1_17' title="bbox 311 1145 1013 1183; baseline 0 -8"><span class='ocrx_word' id='word_1_67' title='bbox 311 1147 372 1176; x_wconf 83' lang='lat' dir='ltr'>ris:</span> <span class='ocrx_word' id='word_1_68' title='bbox 396 1146 442 1176; x_wconf 85' lang='lat' dir='ltr'>sic</span> <span class='ocrx_word' id='word_1_69' title='bbox 468 1150 502 1175; x_wconf 74' lang='lat' dir='ltr'>ct</span> <span class='ocrx_word' id='word_1_70' title='bbox 531 1145 670 1175; x_wconf 80' lang='lat' dir='ltr'><em>mobilem</em></span> <span class='ocrx_word' id='word_1_71' title='bbox 691 1155 843 1183; x_wconf 75' lang='lat' dir='ltr'>gemmam</span> <span class='ocrx_word' id='word_1_72' title='bbox 869 1145 1013 1175; x_wconf 74' lang='lat' dir='ltr'>voravit.</span> 
     </span>
     <span class='ocr_line' id='line_1_18' title="bbox 313 1194 1014 1234; baseline -0.001 -9"><span class='ocrx_word' id='word_1_73' title='bbox 313 1195 474 1226; x_wconf 77' lang='lat' dir='ltr'>Proximo</span> <span class='ocrx_word' id='word_1_74' title='bbox 493 1204 592 1224; x_wconf 81' lang='lat' dir='ltr'>vcrsu</span> <span class='ocrx_word' id='word_1_75' title='bbox 610 1195 736 1232; x_wconf 86' lang='lat' dir='ltr'>malim,</span> <span class='ocrx_word' id='word_1_76' title='bbox 767 1195 809 1225; x_wconf 74' lang='lat' dir='ltr'>Ut</span> <span class='ocrx_word' id='word_1_77' title='bbox 825 1194 936 1234; x_wconf 79' lang='lat' dir='ltr'>refluos</span> <span class='ocrx_word' id='word_1_78' title='bbox 960 1195 1014 1224; x_wconf 80' lang='lat' dir='ltr'>‹lu-</span> 
     </span>
     <span class='ocr_line' id='line_1_19' title="bbox 312 1243 1012 1276; baseline -0.003 -1"><span class='ocrx_word' id='word_1_79' title='bbox 312 1248 394 1276; x_wconf 80' lang='lat' dir='ltr'>cant.</span> <span class='ocrx_word' id='word_1_80' title='bbox 440 1244 598 1273; x_wconf 74' lang='lat' dir='ltr'>Barthius</span> <span class='ocrx_word' id='word_1_81' title='bbox 625 1253 666 1273; x_wconf 81' lang='lat' dir='ltr'>ex</span> <span class='ocrx_word' id='word_1_82' title='bbox 692 1243 850 1274; x_wconf 84' lang='lat' dir='ltr'>Palatino</span> <span class='ocrx_word' id='word_1_83' title='bbox 875 1244 1012 1273; x_wconf 77' lang='lat' dir='ltr'>codice:</span> 
     </span>
     <span class='ocr_line' id='line_1_20' title="bbox 315 1292 1013 1331; baseline -0.001 -8"><span class='ocrx_word' id='word_1_84' title='bbox 315 1294 424 1323; x_wconf 77' lang='lat' dir='ltr'><em>Nonne</em></span> <span class='ocrx_word' id='word_1_85' title='bbox 439 1292 534 1328; x_wconf 56' lang='lat' dir='ltr'>ridor,</span> <span class='ocrx_word' id='word_1_86' title='bbox 548 1292 684 1330; x_wconf 83' lang='lat' dir='ltr'>propriis</span> <span class='ocrx_word' id='word_1_87' title='bbox 706 1302 773 1322; x_wconf 84' lang='lat' dir='ltr'>cum</span> <span class='ocrx_word' id='word_1_88' title='bbox 797 1296 915 1331; x_wconf 79' lang='lat' dir='ltr'><em>spumet</em></span> <span class='ocrx_word' id='word_1_89' title='bbox 928 1303 1013 1331; x_wconf 83' lang='lat' dir='ltr'>gem-</span> 
     </span>
     <span class='ocr_line' id='line_1_21' title="bbox 314 1341 1015 1381; baseline -0.001 -8"><span class='ocrx_word' id='word_1_90' title='bbox 314 1353 362 1373; x_wconf 85' lang='lat' dir='ltr'>nm</span> <span class='ocrx_word' id='word_1_91' title='bbox 377 1341 505 1379; x_wconf 76' lang='lat' dir='ltr'>lacunis,</span> <span class='ocrx_word' id='word_1_92' title='bbox 527 1341 567 1370; x_wconf 85' lang='lat' dir='ltr'>Ut</span> <span class='ocrx_word' id='word_1_93' title='bbox 578 1341 688 1381; x_wconf 79' lang='lat' dir='ltr'>refluos</span> <span class='ocrx_word' id='word_1_94' title='bbox 703 1342 817 1372; x_wconf 77' lang='lat' dir='ltr'>ducant</span> <span class='ocrx_word' id='word_1_95' title='bbox 825 1343 931 1381; x_wconf 70' lang='lat' dir='ltr'>pocula</span> <span class='ocrx_word' id='word_1_96' title='bbox 947 1343 1015 1372; x_wconf 73' lang='lat' dir='ltr'>riva</span> 
     </span>
     <span class='ocr_line' id='line_1_22' title="bbox 312 1391 1015 1431; baseline -0.001 -8"><span class='ocrx_word' id='word_1_97' title='bbox 312 1393 417 1423; x_wconf 66' lang='lat' dir='ltr'>sinus.-</span> <span class='ocrx_word' id='word_1_98' title='bbox 441 1391 499 1421; x_wconf 83' lang='lat' dir='ltr'>sed</span> <span class='ocrx_word' id='word_1_99' title='bbox 523 1391 605 1420; x_wconf 84' lang='lat' dir='ltr'>nihil</span> <span class='ocrx_word' id='word_1_100' title='bbox 622 1400 705 1431; x_wconf 88' lang='lat' dir='ltr'>opus</span> <span class='ocrx_word' id='word_1_101' title='bbox 731 1391 797 1422; x_wconf 80' lang='lat' dir='ltr'>ista</span> <span class='ocrx_word' id='word_1_102' title='bbox 814 1392 1015 1431; x_wconf 77' lang='lat' dir='ltr'>mutatione,</span> 
     </span>
     <span class='ocr_line' id='line_1_23' title="bbox 314 1441 1016 1482; baseline 0 -10"><span class='ocrx_word' id='word_1_103' title='bbox 314 1441 503 1482; x_wconf 64' lang='lat' dir='ltr'>pracsertim</span> <span class='ocrx_word' id='word_1_104' title='bbox 522 1441 658 1472; x_wconf 84' lang='lat' dir='ltr'>caetcris</span> <span class='ocrx_word' id='word_1_105' title='bbox 687 1441 861 1472; x_wconf 83' lang='lat' dir='ltr'>codicibus</span> <span class='ocrx_word' id='word_1_106' title='bbox 889 1442 921 1471; x_wconf 88' lang='lat' dir='ltr'>in</span> <span class='ocrx_word' id='word_1_107' title='bbox 938 1451 1016 1473; x_wconf 91' lang='lat' dir='ltr'>con-</span> 
     </span>
     <span class='ocr_line' id='line_1_24' title="bbox 313 1491 1016 1532; baseline -0.001 -9"><span class='ocrx_word' id='word_1_108' title='bbox 313 1493 418 1523; x_wconf 80' lang='lat' dir='ltr'>traria</span> <span class='ocrx_word' id='word_1_109' title='bbox 431 1492 604 1530; x_wconf 86' lang='lat' dir='ltr'>euntibus,</span> <span class='ocrx_word' id='word_1_110' title='bbox 618 1491 644 1522; x_wconf 87' lang='lat' dir='ltr'>si</span> <span class='ocrx_word' id='word_1_111' title='bbox 655 1492 795 1532; x_wconf 77' lang='lat' dir='ltr'>properis</span> <span class='ocrx_word' id='word_1_112' title='bbox 806 1496 1016 1532; x_wconf 81' lang='lat' dir='ltr'>supponatur</span> 
     </span>
     <span class='ocr_line' id='line_1_25' title="bbox 314 1542 722 1583; baseline 0 -10"><span class='ocrx_word' id='word_1_113' title='bbox 314 1544 355 1581; x_wconf 82' lang='grc' dir='ltr'>τῷ</span> <span class='ocrx_word' id='word_1_114' title='bbox 369 1543 516 1583; x_wconf 80' lang='lat' dir='ltr'>propriis.</span> <span class='ocrx_word' id='word_1_115' title='bbox 541 1542 584 1572; x_wconf 93' lang='lat' dir='ltr'>D.</span> <span class='ocrx_word' id='word_1_116' title='bbox 603 1542 722 1573; x_wconf 78' lang='lat' dir='ltr'>Heins-</span> 
     </span>
    </p>

    <p class='ocr_par' dir='ltr' id='par_1_10' title="bbox 314 1590 1019 1835">
     <span class='ocr_line' id='line_1_26' title="bbox 358 1590 1013 1632; baseline 0 -10"><span class='ocrx_word' id='word_1_117' title='bbox 358 1590 503 1632; x_wconf 76' lang='lat' dir='ltr'>Spumet]</span> <span class='ocrx_word' id='word_1_118' title='bbox 529 1590 645 1621; x_wconf 84' lang='lat' dir='ltr'>lufuso</span> <span class='ocrx_word' id='word_1_119' title='bbox 672 1590 786 1629; x_wconf 83' lang='lat' dir='ltr'>latice,</span> <span class='ocrx_word' id='word_1_120' title='bbox 812 1590 890 1621; x_wconf 91' lang='lat' dir='ltr'>vino</span> <span class='ocrx_word' id='word_1_121' title='bbox 918 1596 1013 1631; x_wconf 84' lang='lat' dir='ltr'>puta.</span> 
     </span>
     <span class='ocr_line' id='line_1_27' title="bbox 314 1640 1013 1681; baseline -0.001 -9"><span class='ocrx_word' id='word_1_122' title='bbox 314 1641 381 1672; x_wconf 87' lang='lat' dir='ltr'>Sed</span> <span class='ocrx_word' id='word_1_123' title='bbox 409 1640 451 1670; x_wconf 88' lang='lat' dir='ltr'>de</span> <span class='ocrx_word' id='word_1_124' title='bbox 485 1640 599 1670; x_wconf 84' lang='lat' dir='ltr'>nativa</span> <span class='ocrx_word' id='word_1_125' title='bbox 624 1640 714 1670; x_wconf 86' lang='lat' dir='ltr'>intus</span> <span class='ocrx_word' id='word_1_126' title='bbox 740 1650 827 1680; x_wconf 85' lang='lat' dir='ltr'>aqua</span> <span class='ocrx_word' id='word_1_127' title='bbox 854 1641 1013 1681; x_wconf 88' lang='lat' dir='ltr'>loquitur.</span> 
     </span>
     <span class='ocr_line' id='line_1_28' title="bbox 315 1689 1012 1730; baseline 0 -8"><span class='ocrx_word' id='word_1_128' title='bbox 315 1692 356 1722; x_wconf 89' lang='lat' dir='ltr'>In</span> <span class='ocrx_word' id='word_1_129' title='bbox 393 1691 515 1722; x_wconf 86' lang='lat' dir='ltr'>nostris</span> <span class='ocrx_word' id='word_1_130' title='bbox 549 1689 752 1720; x_wconf 82' lang='lat' dir='ltr'>membranis</span> <span class='ocrx_word' id='word_1_131' title='bbox 786 1690 834 1720; x_wconf 79' lang='lat' dir='ltr'>ita</span> <span class='ocrx_word' id='word_1_132' title='bbox 868 1691 1012 1730; x_wconf 74' lang='lat' dir='ltr'>legitur:</span> 
     </span>
     <span class='ocr_line' id='line_1_29' title="bbox 321 1741 1018 1783; baseline 0.004 -12"><span class='ocrx_word' id='word_1_133' title='bbox 321 1742 428 1772; x_wconf 76' lang='lat' dir='ltr'><em>Nonne</em></span> <span class='ocrx_word' id='word_1_134' title='bbox 443 1741 524 1771; x_wconf 78' lang='lat' dir='ltr'>rides</span> <span class='ocrx_word' id='word_1_135' title='bbox 534 1742 670 1781; x_wconf 78' lang='lat' dir='ltr'>propriis</span> <span class='ocrx_word' id='word_1_136' title='bbox 687 1752 753 1772; x_wconf 82' lang='lat' dir='ltr'>cnm</span> <span class='ocrx_word' id='word_1_137' title='bbox 766 1747 882 1782; x_wconf 75' lang='lat' dir='ltr'>spumet</span> <span class='ocrx_word' id='word_1_138' title='bbox 896 1754 1018 1783; x_wconf 81' lang='lat' dir='ltr'>gemma</span> 
     </span>
     <span class='ocr_line' id='line_1_30' title="bbox 316 1793 1019 1835; baseline 0.003 -11"><span class='ocrx_word' id='word_1_139' title='bbox 316 1794 434 1825; x_wconf 80' lang='lat' dir='ltr'>lacunis</span> <span class='ocrx_word' id='word_1_140' title='bbox 465 1794 507 1824; x_wconf 74' lang='lat' dir='ltr'>Ut</span> <span class='ocrx_word' id='word_1_141' title='bbox 537 1793 650 1833; x_wconf 79' lang='lat' dir='ltr'>refluos</span> <span class='ocrx_word' id='word_1_142' title='bbox 678 1795 789 1825; x_wconf 78' lang='lat' dir='ltr'>ducant</span> <span class='ocrx_word' id='word_1_143' title='bbox 817 1796 926 1835; x_wconf 76' lang='lat' dir='ltr'>pocula</span> <span class='ocrx_word' id='word_1_144' title='bbox 950 1796 1019 1826; x_wconf 76' lang='lat' dir='ltr'>riva</span> 
     </span>
    </p>
   </div>
   <div class='ocr_carea' id='block_1_8' title="bbox 1061 741 1772 1832">
    <p class='ocr_par' dir='ltr' id='par_1_11' title="bbox 1062 741 1767 985">
     <span class='ocr_line' id='line_1_31' title="bbox 1062 741 1765 784; baseline 0.001 -11"><span class='ocrx_word' id='word_1_145' title='bbox 1062 743 1157 774; x_wconf 79' lang='lat' dir='ltr'>sinus.</span> <span class='ocrx_word' id='word_1_146' title='bbox 1202 743 1287 775; x_wconf 61' lang='lat' dir='ltr'>Qua*¹</span> <span class='ocrx_word' id='word_1_147' title='bbox 1305 742 1380 784; x_wconf 86' lang='lat' dir='ltr'>ipsa</span> <span class='ocrx_word' id='word_1_148' title='bbox 1396 741 1532 774; x_wconf 89' lang='lat' dir='ltr'>omnino</span> <span class='ocrx_word' id='word_1_149' title='bbox 1556 743 1679 774; x_wconf 79' lang='lat' dir='ltr'>veritas</span> <span class='ocrx_word' id='word_1_150' title='bbox 1703 749 1765 774; x_wconf 83' lang='lat' dir='ltr'>cst.</span> 
     </span>
     <span class='ocr_line' id='line_1_32' title="bbox 1069 795 1765 835; baseline -0.001 -9"><span class='ocrx_word' id='word_1_151' title='bbox 1069 795 1148 826; x_wconf 76' lang='lat' dir='ltr'>Viva</span> <span class='ocrx_word' id='word_1_152' title='bbox 1162 795 1281 835; x_wconf 78' lang='lat' dir='ltr'>pocula,</span> <span class='ocrx_word' id='word_1_153' title='bbox 1294 804 1359 825; x_wconf 85' lang='lat' dir='ltr'>non</span> <span class='ocrx_word' id='word_1_154' title='bbox 1374 805 1473 826; x_wconf 88' lang='lat' dir='ltr'>manu</span> <span class='ocrx_word' id='word_1_155' title='bbox 1491 795 1594 835; x_wconf 85' lang='lat' dir='ltr'>facta,</span> <span class='ocrx_word' id='word_1_156' title='bbox 1610 805 1675 826; x_wconf 90' lang='lat' dir='ltr'>non</span> <span class='ocrx_word' id='word_1_157' title='bbox 1693 800 1765 826; x_wconf 81' lang='lat' dir='ltr'>arte</span> 
     </span>
     <span class='ocr_line' id='line_1_33' title="bbox 1064 845 1767 885; baseline 0 -10"><span class='ocrx_word' id='word_1_158' title='bbox 1064 845 1222 885; x_wconf 75' lang='lat' dir='ltr'>expolita.</span> <span class='ocrx_word' id='word_1_159' title='bbox 1270 846 1389 876; x_wconf 79' lang='lat' dir='ltr'>Pocula</span> <span class='ocrx_word' id='word_1_160' title='bbox 1417 850 1530 884; x_wconf 82' lang='lat' dir='ltr'>vocat,</span> <span class='ocrx_word' id='word_1_161' title='bbox 1555 845 1635 884; x_wconf 85' lang='lat' dir='ltr'>quia</span> <span class='ocrx_word' id='word_1_162' title='bbox 1652 845 1767 875; x_wconf 90' lang='lat' dir='ltr'>humo-</span> 
     </span>
     <span class='ocr_line' id='line_1_34' title="bbox 1065 894 1767 936; baseline 0 -12"><span class='ocrx_word' id='word_1_163' title='bbox 1065 904 1134 925; x_wconf 83' lang='lat' dir='ltr'>rem</span> <span class='ocrx_word' id='word_1_164' title='bbox 1146 895 1236 925; x_wconf 82' lang='lat' dir='ltr'>intus</span> <span class='ocrx_word' id='word_1_165' title='bbox 1254 895 1392 935; x_wconf 78' lang='lat' dir='ltr'>habent,</span> <span class='ocrx_word' id='word_1_166' title='bbox 1406 897 1459 926; x_wconf 72' lang='lat' dir='ltr'>vel</span> <span class='ocrx_word' id='word_1_167' title='bbox 1478 900 1511 926; x_wconf 86' lang='lat' dir='ltr'>et</span> <span class='ocrx_word' id='word_1_168' title='bbox 1527 895 1615 936; x_wconf 88' lang='lat' dir='ltr'>quod</span> <span class='ocrx_word' id='word_1_169' title='bbox 1634 894 1767 926; x_wconf 88' lang='lat' dir='ltr'>infundi</span> 
     </span>
     <span class='ocr_line' id='line_1_35' title="bbox 1065 945 1623 985; baseline 0 -10"><span class='ocrx_word' id='word_1_170' title='bbox 1065 945 1187 976; x_wconf 75' lang='lat' dir='ltr'>nativae</span> <span class='ocrx_word' id='word_1_171' title='bbox 1206 946 1347 975; x_wconf 85' lang='lat' dir='ltr'>cavitati</span> <span class='ocrx_word' id='word_1_172' title='bbox 1366 946 1481 985; x_wconf 80' lang='lat' dir='ltr'>possit.</span> <span class='ocrx_word' id='word_1_173' title='bbox 1509 946 1623 976; x_wconf 75' lang='lat' dir='ltr'>Barth.</span> 
     </span>
    </p>

    <p class='ocr_par' dir='ltr' id='par_1_12' title="bbox 1065 994 1769 1084">
     <span class='ocr_line' id='line_1_36' title="bbox 1107 994 1769 1035; baseline 0.003 -12"><span class='ocrx_word' id='word_1_174' title='bbox 1107 997 1126 1024; x_wconf 72' lang='lat'>4</span> <span class='ocrx_word' id='word_1_175' title='bbox 1153 994 1266 1024; x_wconf 73' lang='lat' dir='ltr'>Pocula</span> <span class='ocrx_word' id='word_1_176' title='bbox 1284 995 1354 1024; x_wconf 83' lang='lat' dir='ltr'>bina</span> <span class='ocrx_word' id='word_1_177' title='bbox 1371 994 1472 1034; x_wconf 78' lang='lat' dir='ltr'>sinus]</span> <span class='ocrx_word' id='word_1_178' title='bbox 1501 995 1580 1025; x_wconf 74' lang='lat' dir='ltr'>l&#39;iva</span> <span class='ocrx_word' id='word_1_179' title='bbox 1597 1006 1639 1025; x_wconf 77' lang='lat' dir='ltr'>ex</span> <span class='ocrx_word' id='word_1_180' title='bbox 1664 995 1769 1035; x_wconf 88' lang='lat' dir='ltr'>scrip—</span> 
     </span>
     <span class='ocr_line' id='line_1_37' title="bbox 1065 1044 1688 1084; baseline 0.002 -10"><span class='ocrx_word' id='word_1_181' title='bbox 1065 1044 1126 1075; x_wconf 85' lang='lat' dir='ltr'>tis:</span> <span class='ocrx_word' id='word_1_182' title='bbox 1155 1045 1254 1084; x_wconf 83' lang='lat' dir='ltr'>paulo</span> <span class='ocrx_word' id='word_1_183' title='bbox 1269 1050 1348 1075; x_wconf 88' lang='lat' dir='ltr'>autc</span> <span class='ocrx_word' id='word_1_184' title='bbox 1366 1046 1488 1076; x_wconf 85' lang='lat' dir='ltr'>monui.</span> <span class='ocrx_word' id='word_1_185' title='bbox 1514 1047 1558 1076; x_wconf 89' lang='grc' dir='ltr'>Ι).</span> <span class='ocrx_word' id='word_1_186' title='bbox 1578 1046 1688 1076; x_wconf 78' lang='lat' dir='ltr'>Heius.</span> 
     </span>
    </p>

    <p class='ocr_par' dir='ltr' id='par_1_13' title="bbox 1061 1094 1772 1832">
     <span class='ocr_line' id='line_1_38' title="bbox 1108 1094 1769 1134; baseline 0.002 -11"><span class='ocrx_word' id='word_1_187' title='bbox 1108 1097 1126 1124; x_wconf 90' lang='grc'><strong>7</strong></span> <span class='ocrx_word' id='word_1_188' title='bbox 1154 1094 1217 1128; x_wconf 79' lang='lat' dir='ltr'>Qui</span> <span class='ocrx_word' id='word_1_189' title='bbox 1234 1094 1369 1132; x_wconf 80' lang='lat' dir='ltr'>flumina</span> <span class='ocrx_word' id='word_1_190' title='bbox 1398 1095 1509 1133; x_wconf 63' lang='lat' dir='ltr'>vincit,</span> <span class='ocrx_word' id='word_1_191' title='bbox 1540 1095 1699 1134; x_wconf 77' lang='lat' dir='ltr'>Neclnpis</span> <span class='ocrx_word' id='word_1_192' title='bbox 1725 1099 1769 1124; x_wconf 74' lang='lat' dir='ltr'>cst</span> 
     </span>
     <span class='ocr_line' id='line_1_39' title="bbox 1069 1143 1769 1183; baseline 0.003 -10"><span class='ocrx_word' id='word_1_193' title='bbox 1069 1143 1193 1181; x_wconf 77' lang='lat' dir='ltr'>merito]</span> <span class='ocrx_word' id='word_1_194' title='bbox 1218 1144 1303 1173; x_wconf 60' lang='lat' dir='ltr'>Have</span> <span class='ocrx_word' id='word_1_195' title='bbox 1328 1144 1467 1183; x_wconf 78' lang='lat' dir='ltr'>Raphel.</span> <span class='ocrx_word' id='word_1_196' title='bbox 1486 1145 1699 1183; x_wconf 81' lang='lat' dir='ltr'>conjectura.</span> <span class='ocrx_word' id='word_1_197' title='bbox 1726 1145 1769 1175; x_wconf 79' lang='lat' dir='ltr'>Et·</span> 
     </span>
     <span class='ocr_line' id='line_1_40' title="bbox 1069 1192 1769 1233; baseline 0.004 -11"><span class='ocrx_word' id='word_1_198' title='bbox 1069 1193 1148 1231; x_wconf 76' lang='lat' dir='ltr'>Iapis</span> <span class='ocrx_word' id='word_1_199' title='bbox 1171 1202 1245 1222; x_wconf 83' lang='lat' dir='ltr'>cum</span> <span class='ocrx_word' id='word_1_200' title='bbox 1276 1192 1364 1223; x_wconf 73' lang='lat' dir='ltr'>Aulo</span> <span class='ocrx_word' id='word_1_201' title='bbox 1390 1194 1508 1233; x_wconf 86' lang='lat' dir='ltr'>scripti</span> <span class='ocrx_word' id='word_1_202' title='bbox 1535 1193 1607 1224; x_wconf 79' lang='lat' dir='ltr'>fere</span> <span class='ocrx_word' id='word_1_203' title='bbox 1631 1204 1769 1225; x_wconf 85' lang='lat' dir='ltr'>omnes:</span> 
     </span>
     <span class='ocr_line' id='line_1_41' title="bbox 1070 1242 1768 1284; baseline 0.009 -14"><span class='ocrx_word' id='word_1_204' title='bbox 1070 1242 1136 1271; x_wconf 85' lang='lat' dir='ltr'>duo</span> <span class='ocrx_word' id='word_1_205' title='bbox 1153 1245 1181 1271; x_wconf 81' lang='lat' dir='ltr'>et</span> <span class='ocrx_word' id='word_1_206' title='bbox 1206 1243 1322 1281; x_wconf 73' lang='lat' dir='ltr'>Iapides</span> <span class='ocrx_word' id='word_1_207' title='bbox 1344 1243 1474 1274; x_wconf 77' lang='lat' dir='ltr'>merito:</span> <span class='ocrx_word' id='word_1_208' title='bbox 1498 1245 1595 1284; x_wconf 91' lang='lat' dir='ltr'>prim.</span> <span class='ocrx_word' id='word_1_209' title='bbox 1613 1245 1723 1276; x_wconf 81' lang='lat' dir='ltr'>Vatic.</span> <span class='ocrx_word' id='word_1_210' title='bbox 1741 1249 1768 1276; x_wconf 81' lang='lat' dir='ltr'>et</span> 
     </span>
     <span class='ocr_line' id='line_1_42' title="bbox 1061 1291 1769 1333; baseline 0.007 -13"><span class='ocrx_word' id='word_1_211' title='bbox 1061 1291 1198 1330; x_wconf 81' lang='lat' dir='ltr'>flumina</span> <span class='ocrx_word' id='word_1_212' title='bbox 1214 1291 1307 1321; x_wconf 69' lang='lat' dir='ltr'>vincit</span> <span class='ocrx_word' id='word_1_213' title='bbox 1325 1292 1386 1322; x_wconf 83' lang='lat' dir='ltr'>Sed</span> <span class='ocrx_word' id='word_1_214' title='bbox 1401 1293 1528 1333; x_wconf 72' lang='lat' dir='ltr'>lapides.</span> <span class='ocrx_word' id='word_1_215' title='bbox 1568 1294 1680 1325; x_wconf 86' lang='lat' dir='ltr'>Locus</span> <span class='ocrx_word' id='word_1_216' title='bbox 1697 1304 1769 1325; x_wconf 86' lang='lat' dir='ltr'>cor-</span> 
     </span>
     <span class='ocr_line' id='line_1_43' title="bbox 1070 1342 1767 1382; baseline 0.006 -12"><span class='ocrx_word' id='word_1_217' title='bbox 1070 1346 1203 1381; x_wconf 86' lang='lat' dir='ltr'>ruptus.</span> <span class='ocrx_word' id='word_1_218' title='bbox 1251 1342 1368 1382; x_wconf 76' lang='lat' dir='ltr'>Estque</span> <span class='ocrx_word' id='word_1_219' title='bbox 1390 1343 1470 1373; x_wconf 76' lang='lat' dir='ltr'>silex</span> <span class='ocrx_word' id='word_1_220' title='bbox 1494 1344 1640 1375; x_wconf 87' lang='lat' dir='ltr'>Claverii</span> <span class='ocrx_word' id='word_1_221' title='bbox 1656 1344 1767 1375; x_wconf 78' lang='lat' dir='ltr'>liber:</span> 
     </span>
     <span class='ocr_line' id='line_1_44' title="bbox 1069 1391 1772 1430; baseline 0.006 -10"><span class='ocrx_word' id='word_1_222' title='bbox 1069 1394 1098 1421; x_wconf 76' lang='lat' dir='ltr'>et</span> <span class='ocrx_word' id='word_1_223' title='bbox 1115 1391 1232 1430; x_wconf 77' lang='lat' dir='ltr'>lapides</span> <span class='ocrx_word' id='word_1_224' title='bbox 1257 1392 1366 1421; x_wconf 81' lang='lat' dir='ltr'>merito</span> <span class='ocrx_word' id='word_1_225' title='bbox 1392 1393 1541 1423; x_wconf 82' lang='lat' dir='ltr'>Palatiu.</span> <span class='ocrx_word' id='word_1_226' title='bbox 1568 1394 1772 1424; x_wconf 66' lang='lat' dir='ltr'>Pulmannus</span> 
     </span>
     <span class='ocr_line' id='line_1_45' title="bbox 1069 1439 1771 1482; baseline 0.009 -13"><span class='ocrx_word' id='word_1_227' title='bbox 1069 1439 1180 1470; x_wconf 90' lang='lat' dir='ltr'>codici</span> <span class='ocrx_word' id='word_1_228' title='bbox 1199 1450 1257 1470; x_wconf 84' lang='lat' dir='ltr'>sno</span> <span class='ocrx_word' id='word_1_229' title='bbox 1275 1440 1466 1481; x_wconf 75' lang='lat' dir='ltr'>adscripsit,</span> <span class='ocrx_word' id='word_1_230' title='bbox 1484 1443 1600 1482; x_wconf 80' lang='lat' dir='ltr'>Estque</span> <span class='ocrx_word' id='word_1_231' title='bbox 1616 1444 1700 1474; x_wconf 73' lang='lat' dir='ltr'>latex</span> <span class='ocrx_word' id='word_1_232' title='bbox 1711 1454 1771 1474; x_wconf 87' lang='lat' dir='ltr'>me-</span> 
     </span>
     <span class='ocr_line' id='line_1_46' title="bbox 1069 1489 1768 1531; baseline 0.009 -13"><span class='ocrx_word' id='word_1_233' title='bbox 1069 1489 1142 1526; x_wconf 76' lang='lat' dir='ltr'>rito,</span> <span class='ocrx_word' id='word_1_234' title='bbox 1168 1489 1282 1519; x_wconf 82' lang='lat' dir='ltr'>nescio</span> <span class='ocrx_word' id='word_1_235' title='bbox 1308 1499 1349 1520; x_wconf 87' lang='lat' dir='ltr'>an</span> <span class='ocrx_word' id='word_1_236' title='bbox 1376 1499 1416 1520; x_wconf 79' lang='lat' dir='ltr'>ex</span> <span class='ocrx_word' id='word_1_237' title='bbox 1448 1492 1665 1531; x_wconf 75' lang='lat' dir='ltr'>conjectura:</span> <span class='ocrx_word' id='word_1_238' title='bbox 1694 1503 1768 1524; x_wconf 86' lang='lat' dir='ltr'>nam</span> 
     </span>
     <span class='ocr_line' id='line_1_47' title="bbox 1071 1539 1770 1581; baseline 0.006 -14"><span class='ocrx_word' id='word_1_239' title='bbox 1071 1539 1249 1577; x_wconf 76' lang='lat' dir='ltr'>Belgicum</span> <span class='ocrx_word' id='word_1_240' title='bbox 1288 1539 1454 1579; x_wconf 83' lang='lat' dir='ltr'>codicem,</span> <span class='ocrx_word' id='word_1_241' title='bbox 1496 1552 1560 1581; x_wconf 85' lang='lat' dir='ltr'>quo</span> <span class='ocrx_word' id='word_1_242' title='bbox 1592 1542 1646 1572; x_wconf 83' lang='lat' dir='ltr'>ilie</span> <span class='ocrx_word' id='word_1_243' title='bbox 1679 1552 1770 1580; x_wconf 74' lang='lat' dir='ltr'>usus,</span> 
     </span>
     <span class='ocr_line' id='line_1_48' title="bbox 1071 1589 1771 1629; baseline 0.006 -11"><span class='ocrx_word' id='word_1_244' title='bbox 1071 1589 1158 1629; x_wconf 88' lang='lat' dir='ltr'>quod</span> <span class='ocrx_word' id='word_1_245' title='bbox 1171 1589 1330 1629; x_wconf 80' lang='lat' dir='ltr'>opinatur</span> <span class='ocrx_word' id='word_1_246' title='bbox 1340 1591 1498 1621; x_wconf 80' lang='lat' dir='ltr'>Barthius</span> <span class='ocrx_word' id='word_1_247' title='bbox 1512 1592 1558 1621; x_wconf 84' lang='lat' dir='ltr'>sic</span> <span class='ocrx_word' id='word_1_248' title='bbox 1570 1592 1771 1628; x_wconf 66' lang='lat' dir='ltr'>exhibuisse,</span> 
     </span>
     <span class='ocr_line' id='line_1_49' title="bbox 1070 1638 1771 1681; baseline 0.006 -13"><span class='ocrx_word' id='word_1_249' title='bbox 1070 1638 1197 1669; x_wconf 76' lang='lat' dir='ltr'>frustra</span> <span class='ocrx_word' id='word_1_250' title='bbox 1213 1644 1264 1669; x_wconf 87' lang='lat' dir='ltr'>est</span> <span class='ocrx_word' id='word_1_251' title='bbox 1279 1650 1287 1676; x_wconf 68' lang='grc' dir='ltr'><strong><em>ς</em></strong></span> <span class='ocrx_word' id='word_1_252' title='bbox 1312 1649 1374 1670; x_wconf 81' lang='lat' dir='ltr'>nce</span> <span class='ocrx_word' id='word_1_253' title='bbox 1387 1641 1586 1680; x_wconf 80' lang='lat' dir='ltr'>conjectura</span> <span class='ocrx_word' id='word_1_254' title='bbox 1601 1641 1674 1681; x_wconf 79' lang='lat' dir='ltr'>ejus</span> <span class='ocrx_word' id='word_1_255' title='bbox 1692 1642 1771 1672; x_wconf 84' lang='lat' dir='ltr'>mihi</span> 
     </span>
     <span class='ocr_line' id='line_1_50' title="bbox 1070 1690 1771 1732; baseline 0.006 -13"><span class='ocrx_word' id='word_1_256' title='bbox 1070 1690 1208 1720; x_wconf 84' lang='lat' dir='ltr'>arridet.</span> <span class='ocrx_word' id='word_1_257' title='bbox 1256 1690 1359 1720; x_wconf 80' lang='lat' dir='ltr'>Forte</span> <span class='ocrx_word' id='word_1_258' title='bbox 1376 1701 1382 1720; x_wconf 92' lang='lat'>:</span> <span class='ocrx_word' id='word_1_259' title='bbox 1407 1690 1495 1721; x_wconf 78' lang='lat' dir='ltr'>Mira</span> <span class='ocrx_word' id='word_1_260' title='bbox 1511 1691 1603 1729; x_wconf 74' lang='lat' dir='ltr'>silex,</span> <span class='ocrx_word' id='word_1_261' title='bbox 1619 1693 1771 1732; x_wconf 78' lang='lat' dir='ltr'>mirusque</span> 
     </span>
     <span class='ocr_line' id='line_1_51' title="bbox 1073 1740 1772 1782; baseline 0.004 -12"><span class='ocrx_word' id='word_1_262' title='bbox 1073 1741 1158 1771; x_wconf 72' lang='lat' dir='ltr'>latex</span> <span class='ocrx_word' id='word_1_263' title='bbox 1171 1741 1185 1771; x_wconf 71' lang='grc' dir='ltr'>,Ι</span> <span class='ocrx_word' id='word_1_264' title='bbox 1208 1741 1284 1780; x_wconf 81' lang='lat' dir='ltr'>quod</span> <span class='ocrx_word' id='word_1_265' title='bbox 1292 1740 1428 1780; x_wconf 81' lang='lat' dir='ltr'>flumina</span> <span class='ocrx_word' id='word_1_266' title='bbox 1438 1741 1553 1781; x_wconf 68' lang='lat' dir='ltr'>vinxit,</span> <span class='ocrx_word' id='word_1_267' title='bbox 1569 1742 1645 1773; x_wconf 84' lang='lat' dir='ltr'>Fert</span> <span class='ocrx_word' id='word_1_268' title='bbox 1660 1743 1772 1782; x_wconf 75' lang='lat' dir='ltr'>lapidis</span> 
     </span>
     <span class='ocr_line' id='line_1_52' title="bbox 1074 1790 1722 1832; baseline 0.005 -11"><span class='ocrx_word' id='word_1_269' title='bbox 1074 1791 1203 1821; x_wconf 76' lang='lat' dir='ltr'>merito:</span> <span class='ocrx_word' id='word_1_270' title='bbox 1226 1790 1402 1832; x_wconf 80' lang='lat' dir='ltr'>quodfluit,</span> <span class='ocrx_word' id='word_1_271' title='bbox 1418 1795 1463 1822; x_wconf 80' lang='lat' dir='ltr'>est</span> <span class='ocrx_word' id='word_1_272' title='bbox 1478 1792 1591 1824; x_wconf 79' lang='lat' dir='ltr'>laticis.</span> <span class='ocrx_word' id='word_1_273' title='bbox 1615 1793 1722 1824; x_wconf 88' lang='lat' dir='ltr'>Idem.</span> 
     </span>
    </p>
   </div>
   <div class='ocr_carea' id='block_1_9' title="bbox 976 2000 1108 2042">
    <p class='ocr_par' dir='ltr' id='par_1_14' title="bbox 976 2000 1108 2042">
     <span class='ocr_line' id='line_1_53' title="bbox 976 2000 1108 2042; baseline 0.008 -2"><span class='ocrx_word' id='word_1_274' title='bbox 976 2000 1108 2042; x_wconf 80' lang='lat' dir='ltr'>LXI.</span> 
     </span>
    </p>
   </div>
   <div class='ocr_carea' id='block_1_10' title="bbox 904 2142 1182 2183">
    <p class='ocr_par' dir='ltr' id='par_1_15' title="bbox 904 2142 1182 2183">
     <span class='ocr_line' id='line_1_54' title="bbox 904 2142 1182 2183; baseline 0.004 -1"><span class='ocrx_word' id='word_1_275' title='bbox 904 2142 971 2182; x_wconf 89' lang='grc'>11.</span> <span class='ocrx_word' id='word_1_276' title='bbox 1033 2142 1182 2183; x_wconf 73' lang='lat' dir='ltr'>Aliler.</span> 
     </span>
    </p>
   </div>
   <div class='ocr_carea' id='block_1_11' title="bbox 319 2270 1021 2715">
    <p class='ocr_par' dir='ltr' id='par_1_16' title="bbox 319 2270 1021 2715">
     <span class='ocr_line' id='line_1_55' title="bbox 365 2270 1015 2310; baseline 0.003 -10"><span class='ocrx_word' id='word_1_277' title='bbox 365 2274 375 2300; x_wconf 90' lang='lat' dir='ltr'>l</span> <span class='ocrx_word' id='word_1_278' title='bbox 405 2271 563 2309; x_wconf 75' lang='lat' dir='ltr'>Crystalla</span> <span class='ocrx_word' id='word_1_279' title='bbox 589 2270 719 2310; x_wconf 80' lang='lat' dir='ltr'>lubrica]</span> <span class='ocrx_word' id='word_1_280' title='bbox 761 2271 866 2302; x_wconf 82' lang='lat' dir='ltr'>l&#39;rim.</span> <span class='ocrx_word' id='word_1_281' title='bbox 905 2272 1015 2302; x_wconf 82' lang='lat' dir='ltr'>Vatic.</span> 
     </span>
     <span class='ocr_line' id='line_1_56' title="bbox 319 2319 1018 2361; baseline 0.001 -12"><span class='ocrx_word' id='word_1_282' title='bbox 319 2320 428 2350; x_wconf 76' lang='lat' dir='ltr'>Iurida.</span> <span class='ocrx_word' id='word_1_283' title='bbox 479 2319 570 2349; x_wconf 86' lang='lat' dir='ltr'>Puta</span> <span class='ocrx_word' id='word_1_284' title='bbox 595 2320 715 2355; x_wconf 81' lang='lat' dir='ltr'>lucida;</span> <span class='ocrx_word' id='word_1_285' title='bbox 750 2330 940 2361; x_wconf 81' lang='lat' dir='ltr'>quanquam</span> <span class='ocrx_word' id='word_1_286' title='bbox 969 2321 1018 2351; x_wconf 87' lang='lat' dir='ltr'>nil</span> 
     </span>
     <span class='ocr_line' id='line_1_57' title="bbox 319 2369 1015 2401; baseline 0 -1"><span class='ocrx_word' id='word_1_287' title='bbox 319 2376 445 2400; x_wconf 84' lang='lat' dir='ltr'>temere</span> <span class='ocrx_word' id='word_1_288' title='bbox 486 2369 693 2400; x_wconf 86' lang='lat' dir='ltr'>mutandum.</span> <span class='ocrx_word' id='word_1_289' title='bbox 750 2371 831 2401; x_wconf 77' lang='lat' dir='ltr'>Mox</span> <span class='ocrx_word' id='word_1_290' title='bbox 869 2380 966 2401; x_wconf 81' lang='lat' dir='ltr'>versu</span> <span class='ocrx_word' id='word_1_291' title='bbox 998 2374 1015 2400; x_wconf 84' lang='grc'>3</span> 
     </span>
     <span class='ocr_line' id='line_1_58' title="bbox 320 2421 1017 2460; baseline -0.001 -9"><span class='ocrx_word' id='word_1_292' title='bbox 320 2421 491 2460; x_wconf 80' lang='lat' dir='ltr'>vulgatum</span> <span class='ocrx_word' id='word_1_293' title='bbox 525 2421 684 2460; x_wconf 72' lang='lat' dir='ltr'>Nymphas</span> <span class='ocrx_word' id='word_1_294' title='bbox 719 2431 783 2451; x_wconf 83' lang='lat' dir='ltr'>nou</span> <span class='ocrx_word' id='word_1_295' title='bbox 816 2421 1017 2451; x_wconf 81' lang='lat' dir='ltr'>movendum</span> 
     </span>
     <span class='ocr_line' id='line_1_59' title="bbox 321 2471 1017 2511; baseline -0.001 -9"><span class='ocrx_word' id='word_1_296' title='bbox 321 2472 394 2502; x_wconf 84' lang='lat' dir='ltr'>loco</span> <span class='ocrx_word' id='word_1_297' title='bbox 421 2472 502 2501; x_wconf 64' lang='lat' dir='ltr'>satis</span> <span class='ocrx_word' id='word_1_298' title='bbox 529 2472 795 2511; x_wconf 61' lang='lat' dir='ltr'>(evincuut‚quu*</span> <span class='ocrx_word' id='word_1_299' title='bbox 823 2471 864 2501; x_wconf 84' lang='lat' dir='ltr'>de</span> <span class='ocrx_word' id='word_1_300' title='bbox 894 2472 1017 2501; x_wconf 79' lang='lat' dir='ltr'>osculis</span> 
     </span>
     <span class='ocr_line' id='line_1_60' title="bbox 319 2522 1019 2562; baseline 0 -10"><span class='ocrx_word' id='word_1_301' title='bbox 319 2527 530 2562; x_wconf 87' lang='lat' dir='ltr'>sequuntur;</span> <span class='ocrx_word' id='word_1_302' title='bbox 555 2531 743 2561; x_wconf 80' lang='lat' dir='ltr'>quanquam</span> <span class='ocrx_word' id='word_1_303' title='bbox 769 2522 886 2562; x_wconf 82' lang='lat' dir='ltr'>scripti</span> <span class='ocrx_word' id='word_1_304' title='bbox 912 2522 1019 2562; x_wconf 86' lang='lat' dir='ltr'>potio-</span> 
     </span>
     <span class='ocr_line' id='line_1_61' title="bbox 321 2573 1018 2615; baseline 0.006 -13"><span class='ocrx_word' id='word_1_305' title='bbox 321 2582 373 2603; x_wconf 89' lang='lat' dir='ltr'>res</span> <span class='ocrx_word' id='word_1_306' title='bbox 406 2573 552 2613; x_wconf 81' lang='lat' dir='ltr'>Iymplms.</span> <span class='ocrx_word' id='word_1_307' title='bbox 609 2574 718 2603; x_wconf 70' lang='lat' dir='ltr'>Versu</span> <span class='ocrx_word' id='word_1_308' title='bbox 752 2575 868 2605; x_wconf 85' lang='lat' dir='ltr'>ultimo</span> <span class='ocrx_word' id='word_1_309' title='bbox 901 2576 1018 2615; x_wconf 73' lang='lat' dir='ltr'>Epigr.</span> 
     </span>
     <span class='ocr_line' id='line_1_62' title="bbox 323 2624 1021 2664; baseline 0.003 -11"><span class='ocrx_word' id='word_1_310' title='bbox 323 2633 389 2654; x_wconf 74' lang='lat' dir='ltr'>xu.</span> <span class='ocrx_word' id='word_1_311' title='bbox 419 2624 507 2663; x_wconf 86' lang='lat' dir='ltr'>quod</span> <span class='ocrx_word' id='word_1_312' title='bbox 533 2624 731 2655; x_wconf 80' lang='lat' dir='ltr'>sollicitavit</span> <span class='ocrx_word' id='word_1_313' title='bbox 758 2625 815 2655; x_wconf 85' lang='lat' dir='ltr'>iila</span> <span class='ocrx_word' id='word_1_314' title='bbox 846 2626 1021 2664; x_wconf 68' lang='lat' dir='ltr'>Barthius,</span> 
     </span>
     <span class='ocr_line' id='line_1_63' title="bbox 321 2673 1020 2715; baseline 0.004 -12"><span class='ocrx_word' id='word_1_315' title='bbox 321 2675 374 2705; x_wconf 70' lang='lat' dir='ltr'>sed</span> <span class='ocrx_word' id='word_1_316' title='bbox 398 2682 487 2704; x_wconf 76' lang='lat' dir='ltr'>raras</span> <span class='ocrx_word' id='word_1_317' title='bbox 512 2673 593 2704; x_wconf 79' lang='lat' dir='ltr'>inter</span> <span class='ocrx_word' id='word_1_318' title='bbox 622 2673 752 2705; x_wconf 70' lang='lat' dir='ltr'>habetur</span> <span class='ocrx_word' id='word_1_319' title='bbox 776 2684 859 2715; x_wconf 83' lang='lat' dir='ltr'>opes,</span> <span class='ocrx_word' id='word_1_320' title='bbox 881 2675 1020 2715; x_wconf 85' lang='lat' dir='ltr'>injurius</span> 
     </span>
    </p>
   </div>
   <div class='ocr_carea' id='block_1_12' title="bbox 1071 2272 1776 2669">
    <p class='ocr_par' dir='ltr' id='par_1_17' title="bbox 1071 2272 1775 2556">
     <span class='ocr_line' id='line_1_64' title="bbox 1072 2272 1773 2315; baseline 0.006 -13"><span class='ocrx_word' id='word_1_321' title='bbox 1072 2277 1145 2310; x_wconf 82' lang='lat' dir='ltr'>est;</span> <span class='ocrx_word' id='word_1_322' title='bbox 1171 2282 1244 2303; x_wconf 85' lang='lat' dir='ltr'>cum</span> <span class='ocrx_word' id='word_1_323' title='bbox 1271 2272 1388 2312; x_wconf 78' lang='lat' dir='ltr'>scripti</span> <span class='ocrx_word' id='word_1_324' title='bbox 1413 2282 1528 2304; x_wconf 85' lang='lat' dir='ltr'>omnes</span> <span class='ocrx_word' id='word_1_325' title='bbox 1557 2283 1619 2313; x_wconf 84' lang='lat' dir='ltr'>pro</span> <span class='ocrx_word' id='word_1_326' title='bbox 1636 2280 1773 2315; x_wconf 80' lang='lat' dir='ltr'>recepta</span> 
     </span>
     <span class='ocr_line' id='line_1_65' title="bbox 1071 2323 1775 2359; baseline 0.006 -7"><span class='ocrx_word' id='word_1_327' title='bbox 1071 2323 1217 2354; x_wconf 72' lang='lat' dir='ltr'>lectione</span> <span class='ocrx_word' id='word_1_328' title='bbox 1241 2328 1355 2359; x_wconf 80' lang='lat' dir='ltr'>stcnt;</span> <span class='ocrx_word' id='word_1_329' title='bbox 1381 2328 1417 2354; x_wconf 86' lang='lat' dir='ltr'>ut</span> <span class='ocrx_word' id='word_1_330' title='bbox 1441 2324 1630 2355; x_wconf 76' lang='lat' dir='ltr'>audiendus</span> <span class='ocrx_word' id='word_1_331' title='bbox 1647 2334 1711 2355; x_wconf 89' lang='lat' dir='ltr'>nou</span> <span class='ocrx_word' id='word_1_332' title='bbox 1730 2327 1775 2357; x_wconf 87' lang='lat' dir='ltr'>sit</span> 
     </span>
     <span class='ocr_line' id='line_1_66' title="bbox 1074 2373 1773 2411; baseline 0.006 -9"><span class='ocrx_word' id='word_1_333' title='bbox 1074 2373 1262 2411; x_wconf 81' lang='lat' dir='ltr'>Palatinus,</span> <span class='ocrx_word' id='word_1_334' title='bbox 1287 2374 1433 2404; x_wconf 86' lang='lat' dir='ltr'>omnium</span> <span class='ocrx_word' id='word_1_335' title='bbox 1460 2375 1711 2406; x_wconf 76' lang='lat' dir='ltr'>recentissimus</span> <span class='ocrx_word' id='word_1_336' title='bbox 1734 2386 1773 2407; x_wconf 88' lang='lat' dir='ltr'>ac</span> 
     </span>
     <span class='ocr_line' id='line_1_67' title="bbox 1073 2423 1773 2466; baseline 0.006 -13"><span class='ocrx_word' id='word_1_337' title='bbox 1073 2423 1357 2463; x_wconf 81' lang='lat' dir='ltr'>mendosissimus,</span> <span class='ocrx_word' id='word_1_338' title='bbox 1397 2435 1588 2466; x_wconf 83' lang='lat' dir='ltr'>quanquam</span> <span class='ocrx_word' id='word_1_339' title='bbox 1633 2426 1773 2457; x_wconf 81' lang='lat' dir='ltr'>subinde</span> 
     </span>
     <span class='ocr_line' id='line_1_68' title="bbox 1075 2474 1773 2515; baseline 0.006 -12"><span class='ocrx_word' id='word_1_340' title='bbox 1075 2474 1260 2513; x_wconf 81' lang='lat' dir='ltr'>scripturas</span> <span class='ocrx_word' id='word_1_341' title='bbox 1286 2475 1523 2515; x_wconf 72' lang='lat' dir='ltr'>castigatiores</span> <span class='ocrx_word' id='word_1_342' title='bbox 1552 2474 1693 2515; x_wconf 83' lang='lat' dir='ltr'>referat,</span> <span class='ocrx_word' id='word_1_343' title='bbox 1715 2477 1773 2507; x_wconf 88' lang='lat' dir='ltr'>sed</span> 
     </span>
     <span class='ocr_line' id='line_1_69' title="bbox 1075 2526 1366 2556; baseline 0.007 -2"><span class='ocrx_word' id='word_1_344' title='bbox 1075 2535 1157 2556; x_wconf 83' lang='lat' dir='ltr'>raro.</span> <span class='ocrx_word' id='word_1_345' title='bbox 1192 2526 1236 2556; x_wconf 88' lang='lat' dir='ltr'>D.</span> <span class='ocrx_word' id='word_1_346' title='bbox 1255 2526 1366 2556; x_wconf 66' lang='lat' dir='ltr'>Heius.</span> 
     </span>
    </p>

    <p class='ocr_par' dir='ltr' id='par_1_18' title="bbox 1076 2576 1776 2669">
     <span class='ocr_line' id='line_1_70' title="bbox 1118 2576 1776 2617; baseline 0.003 -11"><span class='ocrx_word' id='word_1_347' title='bbox 1118 2579 1136 2606; x_wconf 78' lang='lat'><strong><em>2</em></strong></span> <span class='ocrx_word' id='word_1_348' title='bbox 1162 2577 1263 2616; x_wconf 82' lang='lat' dir='ltr'>Onus]</span> <span class='ocrx_word' id='word_1_349' title='bbox 1289 2576 1391 2608; x_wconf 79' lang='lat' dir='ltr'>Vides</span> <span class='ocrx_word' id='word_1_350' title='bbox 1409 2587 1563 2617; x_wconf 76' lang='lat' dir='ltr'>magnam</span> <span class='ocrx_word' id='word_1_351' title='bbox 1586 2578 1707 2609; x_wconf 79' lang='lat' dir='ltr'>molem</span> <span class='ocrx_word' id='word_1_352' title='bbox 1725 2577 1776 2608; x_wconf 86' lang='lat' dir='ltr'>fu-</span> 
     </span>
     <span class='ocr_line' id='line_1_71' title="bbox 1076 2627 1758 2669; baseline 0.003 -12"><span class='ocrx_word' id='word_1_353' title='bbox 1076 2627 1152 2665; x_wconf 77' lang='lat' dir='ltr'>isse,</span> <span class='ocrx_word' id='word_1_354' title='bbox 1170 2632 1206 2658; x_wconf 85' lang='lat' dir='ltr'>ut</span> <span class='ocrx_word' id='word_1_355' title='bbox 1221 2637 1320 2668; x_wconf 86' lang='lat' dir='ltr'>supra</span> <span class='ocrx_word' id='word_1_356' title='bbox 1336 2628 1601 2669; x_wconf 86' lang='lat' dir='ltr'>suspicabamur.</span> <span class='ocrx_word' id='word_1_357' title='bbox 1648 2629 1758 2660; x_wconf 74' lang='lat' dir='ltr'>Barth.</span> 
     </span>
    </p>
   </div>
  </div>
 </body>
</html>
