1763 3116
383 166 445 196 Dte
479 162 641 195 RAPTU

68 263 113 294 da
129 263 244 293 Venus
259 260 278 292 :’
302 260 358 291 ubi
387 259 458 300 pari
477 257 575 289 modo
592 259 767 297 peccatur.

68 312 224 343 Valerius
241 311 392 347 Flaccus,
415 308 501 338 libro
519 316 583 338 vn.
609 308 692 336 ‘nec
719 314 767 335 se-

68 364 158 394 miua
173 363 316 393 deerunt
330 362 414 393 Quae
431 359 520 398 prius
535 358 608 397 ipse
621 355 767 387 dabam.'

71 415 197 444 Rursus
229 412 338 447 Maro,
366 409 440 440 AEn.
464 417 527 438 vu.
551 409 559 424 ‘
578 416 643 437 nou
672 406 767 436 vobis

69 473 148 504 rege
163 461 281 493 Latino
297 459 424 490 Divitis
438 458 521 488 uber
532 457 603 497 agri
614 456 767 496 Trojaeve

67 512 240 554 opulentia
256 508 388 541 deerit.'
412 509 457 539 D.
472 507 582 538 Heius.

107 564 170 592 289
195 559 293 599 Quos]
317 559 454 591 Quales.
480 557 596 588 Barth.

112 611 197 646 Quos
212 620 265 641 nec
281 614 334 640 tua
348 609 475 648 protulit
487 606 616 646 Henna]
633 607 686 637 Sic
703 606 768 637 Bo-

62 660 342 698 noniensisliber;
357 658 446 700 quod
460 664 495 689 et
507 659 538 688 in
553 658 618 688 suis
632 656 769 687 videtur

64 712 232 742 invenisse
251 710 466 741 Parrhasius:
498 708 630 738 dictum
653 716 768 747 supra.

64 763 111 793 D.
130 762 241 793 Heius.

107 816 169 843 290
203 812 296 842 Lucis
336 810 428 841 arbor
466 808 619 849 proedires
653 806 768 847 opacis]

64 862 202 893 Amoeuis
215 871 284 891 sec.
303 860 414 890 Vatic.
430 859 552 898 Isingr.
569 857 689 888 Averni
702 867 710 886 .·
725 856 769 886 le·

65 922 120 952 go,
148 912 291 942 Avernas.
311 910 430 947 Virgil.
448 918 497 940 vx.
521 911 529 925 ‘
549 918 610 938 nec
641 912 675 938 te
701 907 768 937 Ne-

64 962 244 1002 quicquam
286 960 372 990 lucis
427 959 564 990 Hecate
609 956 768 998 praefecit

63 1009 234 1042 Avernis!
279 1010 324 1040 Et
355 1018 454 1040 mox:
479 1010 487 1025 ‘
508 1008 574 1039 Sed
605 1017 658 1038 me.
690 1017 767 1038 cum

63 1061 145 1092 lucis
160 1060 297 1091 Hecate
311 1057 468 1099 praefecit
484 1057 656 1089 Avernis.'
692 1057 767 1087 Sili-

62 1120 111 1149 us,
136 1110 194 1141 tib.
209 1119 258 1141 w.
281 1110 290 1126 ‘
308 1109 482 1139 Lethalem
500 1108 607 1148 ripam
625 1111 658 1137 et
675 1107 767 1137 lucos

62 1159 244 1191 habitabat
258 1158 435 1190 Avernos.’
471 1158 528 1189 Sic
542 1162 577 1188 et
592 1157 766 1188 ‘tenebrae

64 1209 233 1249 Avernae‚'
257 1210 265 1225 ‘
279 1210 383 1239 valles
399 1208 570 1245 Avernae‚'
593 1212 628 1238 et
646 1207 768 1238 similia

62 1261 185 1303 passim
217 1260 307 1300 apud
336 1259 468 1300 poetas.
528 1258 653 1289 Averna
683 1258 769 1287 Juno

63 1311 172 1343 eidem
189 1312 284 1350 Silio,
302 1311 388 1341 libro
406 1318 490 1341 x111.
523 1309 613 1348 apud
630 1307 768 1347 Virgili-

63 1373 134 1401 um,
152 1363 281 1401 Georg.
302 1371 351 1391 iv.
384 1370 424 1390 ex
451 1358 588 1399 optimis
605 1358 770 1388 membra-

63 1413 126 1451 nis,
155 1413 302 1452 ‘terque
330 1410 446 1450 fragor
472 1409 601 1449 stagnis
634 1408 769 1438 auditus

64 1463 207 1494 Avernis
220 1461 242 1493 :'
266 1461 322 1491 ubi
339 1460 456 1490 Averni
473 1468 651 1499 perperam
667 1463 718 1488 est
735 1458 768 1487 in

62 1513 219 1552 vulgatis.
263 1512 389 1541 Averna
406 1511 471 1540 loca
489 1509 539 1539 bis
564 1513 659 1538 terve
677 1508 767 1547 apud

62 1562 273 1601 Lucretium,
304 1560 390 1591 libro
424 1564 522 1590 sexto
569 1562 768 1590 occurrunt.

68 1613 161 1644 Idem.

104 1666 164 1694 291
192 1663 361 1700 Fulgentes
384 1659 494 1699 viridi]
535 1659 675 1690 Gravido
702 1658 768 1698 pri.

62 1713 271 1743 Vaticanus:
299 1711 343 1740 nil
375 1715 479 1740 muta.
531 1709 638 1739 Viride
661 1709 769 1738 metal-

63 1764 127 1794 lum
144 1771 274 1792 ramum
301 1770 439 1791 aureum
456 1760 582 1790 ‘vocat2
609 1759 657 1789 sic
673 1758 731 1789 lib.
746 1767 768 1789 1.

65 1813 99 1843 in
131 1813 241 1842 veteri
273 1811 394 1842 codice
425 1809 573 1841 Mon-eti:
597 1809 769 1849 ‘pingunt

62 1863 236 1894 maculosa
266 1862 416 1892 virentes
447 1861 562 1900 Terga
586 1864 690 1898 notae,
715 1868 767 1889 ru-

65 1915 160 1944 tilum
203 1913 351 1954 squamis
395 1910 578 1942 interviret
625 1908 768 1940 aurum.’

65 1964 162 1995 Idem.

108 2016 170 2043 292
197 2012 276 2042 Hoec
305 2011 365 2041 tibi
394 2021 483 2041 sacra
512 2009 620 2049 datur]
666 2009 771 2040 Sacer

65 2067 116 2094 est
134 2072 244 2092 ramus
275 2071 394 2092 aureus
423 2060 655 2100 Proserpinae,
681 2060 770 2100 quod

65 2113 210 2144 avaritia
226 2113 257 2142 in
270 2111 438 2141 infernum
456 2111 571 2141 ducat.
616 2109 711 2140 Serv.
728 2109 770 2139 ad

65 2162 150 2194 illud
168 2171 217 2192 νι.
236 2161 369 2191 AEneid.
387 2160 473 2198 ferri
498 2160 685 2200 Proserpina
708 2169 771 2189 mu-

64 2222 120 2243 nus
150 2212 306 2243 Instituit.
366 2212 433 2241 Seu
477 2209 566 2251 quod
601 2208 773 2249 sapientia

64 2269 218 2301 mortem,
231 2263 391 2303 ipsosque
408 2270 524 2291 manes
542 2260 674 2290 vincat:
694 2259 771 2290 ideo

66 2313 188 2345 AEneas
217 2314 259 2343 ad
300 2311 590 2352 sapientissimam
619 2310 771 2340 Dearum

66 2363 308 2402 Proserpinam
343 2361 540 2402 penetravit
576 2361 641 2391 hoc
673 2359 771 2392 duce.

68 2413 171 2444 Plato
188 2412 221 2442 in
239 2413 393 2452 Cratylo.
419 2412 564 2451 Dempst.

110 2464 173 2493 293
208 2461 416 2500 Autumnum]
461 2461 674 2491 Proventum
718 2469 772 2490 au-

68 2512 264 2544 tumnalem.
288 2512 405 2542 Barth.

115 2562 268 2592 Ditabere
281 2561 395 2601 pomis]
418 2561 586 2592 Junianus
610 2560 772 2592 delabere:

69 2612 116 2643 sic
131 2611 189 2642 iib.
207 2621 232 2642 1.
250 2611 284 2641 in
304 2612 445 2651 Eutrop.
467 2610 651 2650 ‘juvenum
679 2610 772 2643 flam-

69 2662 132 2693 mis
150 2661 322 2702 Ephyreia
340 2661 416 2691 Lais
442 2660 487 2691 Et
504 2660 637 2700 gemino
653 2660 774 2692 dotata

70 2714 154 2746 mari
166 2712 186 2746 ς’
203 2712 372 2756 quomodo
389 2717 487 2744 vetus
499 2712 584 2744 liber
608 2722 659 2744 xv.
672 2713 773 2747 Cous.

676 157 1000 190 PROSERPINAE
1034 158 1127 189 1213.
1162 158 1211 187 11.

1407 149 1520 190 1659

819 254 952 285 Honor.
977 253 985 270 ‘
1005 252 1121 283 veniet
1145 261 1249 282 nurus
1265 250 1418 281 omnibus
1432 252 1521 282 arvis

818 304 862 334 Et
880 308 952 333 toto
970 303 1087 333 dotata
1106 300 1211 332 mari!
1238 299 1352 331 Laude
1365 299 1520 331 Serenae:

817 355 825 369 ‘
843 355 953 394 Seque
979 363 1084 382 miuus
1107 352 1219 391 jactet
1244 349 1379 389 Libycis
1405 348 1522 379 dotata

819 402 1003 442 trophaeis.⁷
1042 402 1152 440 Nupt.
1170 400 1261 431 Hon.
1285 402 1377 429 ‘toto
1392 398 1522 438 pariter

818 453 983 484 dotabere
1001 451 1149 482 inundo.'
1176 451 1219 481 D.
1238 450 1349 481 Heius.

864 506 925 534 295
951 502 1034 532 Salis
1048 511 1169 541 (equora
1183 499 1326 539 verrunt]
1368 499 1424 530 Sic
1448 499 1524 530 Cla-

818 552 903 583 verii
921 552 1051 588 codex3
1069 561 1132 581 nou
1152 550 1259 580 maris.
1285 549 1393 580 Idem.

861 606 923 634 297
948 603 1107 634 Animalia
1123 603 1242 642 regnis]
1264 601 1448 632 Animantia
1460 600 1522 634 Ju-

820 654 951 684 niauus.
979 653 1077 683 Idem.

862 707 924 734 29³
951 703 1109 743 Septimus
1124 712 1216 733 auras
1230 701 1353 739 Ambit,
1378 703 1408 731 et
1433 704 1524 731 αἰεν-

820 755 882 794 nis]
936 755 1025 784 Vide
1070 754 1282 785 Macrobium
1323 751 1524 783 doctissimis

821 804 1081 836 Commentariis
1099 805 1131 834 iu
1150 803 1315 835 somnium
1342 802 1523 843 Scipionis.

821 859 938 889 Barth.

862 912 924 939 300
953 907 1109 946 I'estigia]
1134 907 1254 938 Pedes,
1278 904 1524 937 Inconcinnior

819 962 932 988 tamen
946 958 1063 993 lectio,
1076 961 1108 986 et
1121 955 1415 996 suspicorfasligia
1427 955 1524 987 Clau-

820 1008 954 1038 dianum
973 1006 1152 1046 scripsisse
1171 1007 1295 1046 potins,
1312 1015 1378 1046 quo
1395 1005 1526 1036 indica-

819 1063 874 1089 tur
889 1058 1076 1088 sublimitas
1094 1057 1197 1097 regia,
1209 1056 1252 1086 de
1265 1065 1330 1096 qua
1344 1055 1398 1086 hic
1411 1064 1522 1086 sermo

818 1113 881 1139 est.

866 1158 1009 1197 Vestigia
1025 1156 1127 1198 reges]
1173 1156 1320 1195 Fastigia
1336 1154 1500 1186 Barthius
1514 1165 1521 1185 :

819 1208 879 1240 sed
891 1209 1033 1248 vestigia
1048 1218 1109 1249 pro
1123 1207 1266 1248 pedibus
1281 1205 1404 1246 posuit.
1414 1204 1526 1245 Epist.

819 1260 860 1290 ad
886 1261 1070 1290 Serenam:
1095 1258 1189 1289 ‘Sub
1220 1256 1366 1297 pedibus
1393 1255 1525 1295 regitur

821 1315 912 1340 terra
929 1308 1123 1347 fretumque
1142 1307 1208 1337 tuis
1223 1305 1244 1335 τ’
1269 1305 1327 1335 ubi
1355 1304 1432 1335 vide
1448 1313 1522 1345 quae

820 1365 911 1391 noto.
937 1360 982 1390 D.
1001 1359 1114 1389 Heius.

865 1410 1021 1450 Purpurei
1046 1407 1166 1446 Reges]
1205 1406 1351 1437 Ovidius
1374 1405 1434 1437 lib.
1452 1415 1521 1436 vu.

821 1461 829 1476 ‘
846 1460 958 1490 medio
976 1460 1047 1489 Rex
1060 1459 1131 1498 ipse
1147 1457 1275 1488 resedit
1284 1456 1430 1496 Agmine
1446 1465 1523 1496 pur-

820 1508 970 1550 pureus.'
1016 1507 1188 1547 Purpurei
1205 1507 1364 1536 dicuntur
1380 1507 1492 1545 Reges
1505 1515 1526 1536 a

820 1569 984 1601 purpura,
1017 1559 1130 1589 colore
1163 1567 1278 1588 eorum
1310 1556 1525 1587 vestimentis

820 1611 915 1648 dato,
944 1609 986 1639 ad
1017 1608 1237 1639 eminentium
1269 1616 1338 1646 prae
1369 1606 1524 1636 omnibus

821 1661 894 1691 aliis
909 1658 1153 1700 potestatibus,
1169 1657 1232 1687 nisi
1250 1666 1324 1697 quae
1343 1656 1468 1696 Regias
1482 1664 1525 1686 ae-

820 1711 957 1741 mulatae
984 1714 1063 1739 sunt
1091 1712 1150 1738 aut
1164 1707 1331 1738 vicerunt.
1374 1706 1431 1736 Sic
1449 1714 1526 1746 pur·

819 1760 933 1801 pureis
949 1758 1135 1789 utebantur
1153 1756 1307 1795 cingulis,
1331 1756 1431 1796 quale
1450 1764 1525 1795 ges-

821 1810 918 1841 tandi
935 1810 993 1850 jus
1018 1809 1127 1839 instar
1153 1807 1237 1846 regii
1253 1806 1395 1846 insignis
1422 1804 1525 1836 datur

820 1861 1020 1893 Judaeorum
1046 1859 1238 1898 Principia
1252 1857 1424 1888 Romanis.
1467 1856 1524 1887 Sic

822 1910 1002 1951 purpureis
1014 1909 1115 1940 iidem
1130 1908 1255 1938 calceis
1267 1907 1525 1938 amiciebantur.

822 1963 956 2001 Regum
970 1969 1102 2000 quoque
1119 1958 1180 1988 filii
1197 1967 1370 1998 purpureo
1386 1956 1529 1987 uteban-

822 2016 877 2043 tur
893 2010 1022 2040 habitu.
1048 2009 1161 2039 Barth.

865 2063 929 2091 306
955 2059 1006 2090 Sit
1028 2058 1153 2098 fatum]
1191 2058 1233 2090 Q.
1252 2057 1284 2087 d.
1311 2057 1354 2087 sit
1369 2055 1473 2086 fixum
1491 2059 1526 2086 et

823 2109 1035 2142 immutabile
1062 2107 1153 2149 quod
1182 2107 1354 2138 statueris.
1400 2105 1527 2145 Inepte

825 2161 1026 2199 aliisuctum.
1040 2159 1138 2190 Istud
1154 2158 1243 2188 enim
1261 2156 1450 2187 divinitatis
1461 2161 1528 2194 est,

824 2212 920 2252 cujus
942 2211 1013 2251 jam
1042 2215 1123 2241 ante
1139 2218 1279 2249 compos
1296 2212 1370 2238 erat
1386 2207 1525 2238 Proser·

824 2262 914 2302 pina.
941 2261 1037 2291 Idem.

869 2311 921 2341 Sit
931 2310 1050 2349 fatum,
1066 2309 1261 2349 quodcunque
1276 2306 1371 2346 voles]
1421 2307 1469 2337 Ut
1492 2305 1528 2336 in

824 2362 880 2392 illo
897 2361 1046 2392 Lucani:
1071 2362 1079 2376 ‘
1097 2359 1176 2389 Sive
1194 2358 1285 2388 canit
1301 2357 1425 2396 fatum,
1457 2366 1528 2395 seu,

825 2411 914 2452 quod
928 2411 1031 2451 jubet
1055 2410 1125 2448 ille,
1141 2407 1295 2439 canendo
1313 2408 1368 2438 Fit
1383 2406 1490 2438 fatum
1505 2405 1525 2437 ε’

823 2462 889 2492 duo
915 2460 1035 2500 scripti
1059 2459 1159 2499 sitque
1184 2461 1299 2496 ratum,
1328 2457 1432 2488 etiam
1459 2465 1526 2487 non

823 2511 922 2542 maie.
968 2509 1145 2541 Claverius
1162 2513 1196 2538 et
1210 2512 1355 2548 quatuor
1368 2516 1386 2537 e
1404 2505 1527 2537 nostris

823 2561 1011 2598 sitfaclum.
1047 2560 1151 2590 Forte
1166 2561 1306 2588 sanctum
1322 2557 1375 2587 vel
1389 2558 1525 2596 pactum.

824 2611 982 2650 namsata
998 2611 1101 2651 paulo
1115 2614 1191 2650 post
1209 2612 1406 2649 sequuntur.
1439 2606 1526 2636 Voles

824 2663 929 2693 etiam
943 2671 1010 2692 non
1027 2660 1104 2691 velis
1119 2659 1255 2699 scripti.
1301 2659 1415 2694 Forte,
1429 2655 1527 2695 sitque

825 2716 942 2753 ratum,
957 2712 1151 2752 quodcunque
1168 2718 1265 2741 voves.
1301 2708 1347 2739 D.
1365 2705 1488 2738 Heius.
