1763 3116
11 163 15 266 ι

11 387 14 462 1

11 488 15 534 l

0 679 15 747 ³!

408 192 460 222 IN
495 193 527 223 1.
561 190 696 222 CONS.
727 189 946 221 STlLlCH.
981 188 1078 219 LIB.
1112 187 1142 217 1.

88 392 128 421 51
165 385 355 426 Primoecus]
392 385 553 426 Ephebos
581 394 747 425 egressuS.

45 439 120 471 Hos
143 439 232 470 enim
256 437 435 478 primaevos
459 436 616 467 videntur
633 435 747 467 Latini

44 489 237 531 perhibere,
256 497 316 518 usu
343 487 434 518 vocis
464 496 581 527 parum
598 486 746 527 cognito.

47 541 266 580 Legationem
295 538 343 569 ait
369 537 411 569 ad
434 538 582 569 Parthos
609 536 747 576 obiisse,

12 590 150 622 {instar
178 589 330 620 maximae
368 589 432 629 rei,
469 588 579 620 adhuc
615 587 749 628 primae-

44 649 133 671 vum.
166 640 280 670 Barth.

87 693 128 721 54
152 690 314 730 Babylona
338 689 433 730 petis]
458 689 600 729 Regiam
625 689 749 721 Persa-

46 750 132 781 rum,
147 746 186 773 ut
203 743 280 773 olim
296 742 514 773 Parthorum.

88 791 197 822 Severi
224 792 415 822 Parthorum
439 791 597 832 proceres]
634 792 750 823 Disci-

47 840 173 881 plinam
197 841 402 871 Parthorum
427 842 537 872 innuit
560 843 672 881 legum
695 851 752 881 pa-

12 903 14 908 *
48 890 189 922 triarum
207 890 384 921 custodem
408 891 524 928 talem,
549 896 587 921 ut
612 901 683 931 prae
711 900 751 922 ea

48 940 203 971 Romana
219 939 323 970 fuerit
339 939 412 970 fere
429 940 583 971 ridicula.
615 941 729 972 Barth.

88 993 128 1020 55
153 990 342 1019 Parthorum
373 989 530 1029 proceres]
580 991 749 1021 Persarum

46 1040 147 1081 prim.
168 1040 282 1070 Vatic.
304 1039 464 1080 Isingrin.
481 1046 518 1071 et
533 1049 654 1071 novem
671 1041 727 1071 alii
742 1051 749 1071 ε

48 1089 108 1121 sed
138 1091 238 1129 male,
266 1099 341 1121 cum
372 1091 518 1121 Persides
548 1091 649 1130 paulo
675 1095 752 1131 post

3 1153 15 1158 ⁴·
48 1145 242 1182 sequantur.
288 1140 371 1171 Mox
389 1150 471 1172 cave
492 1141 605 1172 Thuris
630 1142 751 1172 odorati

0 1205 2 1224 ε
47 1192 140 1233 legas
165 1201 241 1222 cum
268 1191 434 1223 Barthio:
458 1201 534 1223 cum
553 1193 690 1223 odoratoe
707 1192 753 1222 sit

48 1241 83 1272 in
109 1241 245 1282 optimis
277 1242 445 1283 plerisque
471 1241 690 1282 membranis,
715 1246 753 1273 ut

51 1291 93 1323 ad
107 1302 179 1323 aras
192 1291 373 1324 referatur.
406 1294 450 1325 D.
467 1293 581 1326 Heins.

94 1342 185 1372 Plebs
201 1342 398 1382 pharetrata]
423 1343 564 1384 Semper
580 1353 657 1375 cum
673 1344 754 1384 pha-

53 1392 153 1423 retris
180 1393 296 1423 Persae
317 1393 388 1431 isti,
417 1393 544 1433 quippe
572 1394 756 1433 sagittandi

51 1442 216 1473 exercitio
235 1451 251 1471 a
270 1443 382 1481 pueris
400 1442 572 1473 destinati.
598 1443 713 1474 Barth.

96 1493 137 1521 56
161 1491 343 1531 Desixoeqae
360 1490 478 1530 hospite
500 1492 642 1532 pulchro]
666 1491 756 1522 Ocu-

52 1540 92 1571 lis
108 1541 141 1570 in
169 1549 245 1570 eum
267 1540 421 1579 intentis,
447 1541 606 1581 velutque
634 1541 756 1572 attoni-

14 1603 15 1617 2
53 1593 105 1625 tis.
143 1592 324 1632 Hospitem
346 1596 446 1622 vocat
463 1601 505 1622 ex
532 1593 682 1632 ipsarum
699 1592 756 1623 ad·

0 1656 1 1671 ι
53 1642 246 1680 miratione,
268 1641 388 1682 quibus
405 1642 517 1672 omnia
533 1642 638 1681 ipsius
662 1652 757 1683 pere-

52 1692 148 1733 grina
164 1696 274 1729 erant,
290 1700 413 1721 nomen
429 1690 594 1730 ignotum.
631 1691 756 1732 Itaque

52 1741 393 1783 appellabanturjam
409 1741 487 1771 olim
504 1751 646 1782 quorum
662 1742 757 1782 igno-

0 1817 5 1821 .
53 1792 219 1823 rabantur
236 1792 413 1830 vocabula,
439 1792 556 1823 caeteri
583 1792 664 1833 ipsis
689 1793 756 1824 suis

53 1841 348 1883 appellationibus.
381 1842 477 1874 Idem.

97 1891 238 1934 Defixae]
262 1893 301 1923 In
318 1893 399 1932 jure
414 1893 570 1934 legimus,
592 1893 757 1934 Defigere

0 1957 18 1973 .·
55 1943 184 1975 animos
199 1943 240 1974 ad
254 1943 441 1976 libidinem.
466 1943 568 1976 Ovid.
585 1945 594 1962 ‘
608 1944 758 1986 defigere

0 2003 10 2024 2v
53 1993 163 2025 votis!
192 1994 314 2024 Claver.

97 2047 139 2075 57
177 2045 336 2076 Arcanum
373 2045 565 2085 suspiravere
610 2045 757 2085 calorem]

0 2111 11 2122 .,
56 2094 135 2126 Non
159 2104 249 2125 ausae
276 2094 375 2126 fateri
400 2094 559 2127 Amorem
585 2097 672 2128 tanti
689 2097 759 2128 He-

2 2151 11 2171 s
58 2143 138 2174 rois.
163 2144 280 2175 Barth.

100 2196 141 2224 58
168 2193 280 2224 Thuris
300 2194 435 2235 odorati]
458 2196 586 2229 Pacem
608 2198 760 2238 juratam

57 2243 152 2284 dicit,
167 2244 326 2276 adhibitis
340 2245 527 2278 sacrificiis.
566 2249 665 2279 Idem.

99 2297 141 2325 59
179 2295 288 2334 Ignem
323 2294 505 2336 sacratum]
549 2298 660 2330 Quem
698 2308 761 2338 pro

59 2345 194 2376 numine
225 2345 350 2376 habent
379 2345 442 2376 hoc
471 2356 576 2387 genus
604 2347 762 2379 Orienta-

57 2394 138 2425 lium
159 2395 322 2434 gentium.
367 2395 520 2436 AEgyptii
543 2406 624 2428 vero
650 2398 762 2438 ignem

60 2443 108 2474 ita
121 2444 347 2484 honorabant,
364 2450 402 2476 ut
417 2446 488 2486 ejus
505 2447 612 2477 cultui
632 2447 764 2478 fuerint

63 2493 228 2525 dedicatae
256 2495 488 2527 celeberrimae
515 2496 581 2528 iliae
608 2497 763 2538 Pyrami-

64 2542 136 2575 des.
173 2544 269 2575 Idem.

107 2595 148 2623 60
171 2593 249 2624 Ritu
278 2595 436 2636 Chaldaeo]
461 2596 637 2629 Adhibitis
665 2598 764 2629 Chal-

65 2643 217 2674 daeorum
243 2648 452 2678 ceremoniis.
497 2648 616 2688 Magos
642 2649 766 2679 Persa-

66 2702 140 2725 rum
177 2693 273 2733 dicit,
310 2706 451 2736 quorum
480 2699 600 2729 crebra
636 2699 765 2730 mentio

65 2742 157 2785 apud
177 2743 449 2784 Xenophontem.
492 2747 586 2780 Ritui
604 2747 765 2780 Chaldaeo

1391 178 1503 220 1503

11 273 15 326 i
45 288 137 320 tulit.-
160 296 237 319 mox
259 288 344 328 paci,
358 296 423 319 non
446 285 546 326 pacis,
561 285 674 317 Oxon.
700 283 746 315 D.
801 282 922 322 Magos
945 282 1073 322 jungit,
1099 281 1259 322 quoniam
1288 282 1352 312 illis
1376 283 1505 316 adscri-

11 334 14 372 Ῠ
47 340 163 372 Heius.

798 332 944 363 bebatur
972 341 1054 362 cura
1081 341 1193 362 rerum
1225 331 1426 370 coelestium,
1453 333 1503 364 his

797 381 1062 420 sacrificiorum3
1109 392 1184 423 quae
1213 382 1281 413 duo
1306 382 1405 422 jungi
1428 392 1507 414 con-

799 433 974 463 veniebat.
1019 433 1117 463 Idem.

839 485 879 514 61
906 484 977 514 Rex
992 483 1056 523 ipse
1072 482 1252 523 micantem]
1277 482 1508 515 Adfirmatio-

797 541 873 563 nem
890 530 1033 563 foederis
1050 533 1178 573 Regem
1203 533 1313 573 ipsum
1341 533 1387 564 ait
1405 533 1508 565 sacri-

797 582 875 614 ficio
889 582 1005 613 vinum
1024 583 1204 614 adlibasse.
1234 584 1333 613 Idem.

841 636 882 665 62
907 634 1091 674 Secretaqae
1122 634 1209 674 Beli]
1248 635 1370 665 Belum
1407 634 1507 665 Chal-

800 684 882 715 daeis
914 684 1036 716 Jovem
1074 694 1160 724 esse,
1197 690 1297 716 notat
1336 685 1508 716 Diodorus

799 735 942 775 Siculus,
958 736 1015 768 lib.
1039 745 1079 767 11.
1101 745 1202 777 quem
1228 736 1409 777 praesidem
1430 746 1508 767 auc-

802 792 975 829 toremque
1024 786 1205 827 foederum,
1251 787 1359 818 nescit
1399 796 1509 818 nemo.

802 837 900 867 Idem.

845 886 1028 927 Secretaque
1058 887 1147 927 Beli]
1194 888 1279 918 Haec
1320 886 1512 918 indubitata

801 936 967 976 Scaligeri
996 938 1206 977 conjectura.
1266 938 1378 978 Vulgo
1417 938 1511 968 belli.-

803 986 923 1025 scripti
941 986 1079 1026 quidam
1095 987 1173 1018 coeli.
1205 988 1249 1018 D.
1266 987 1379 1019 Heius.

845 1039 886 1066 63
912 1036 1062 1075 Illitram]
1086 1037 1198 1067 Solem
1222 1037 1337 1068 Persis
1360 1043 1394 1068 et
1411 1038 1512 1069 Chal-

804 1086 887 1117 daeis
903 1086 967 1117 hoc
983 1086 1118 1117 nomine
1136 1087 1276 1118 cultum.
1314 1087 1431 1118 Barth.

846 1139 887 1167 64
916 1135 1098 1175 Venatibas]
1122 1136 1308 1167 Meditatio
1337 1137 1512 1168 Bellorum

803 1187 838 1218 in
854 1187 957 1218 Pace.
1002 1187 1170 1217 Debitum
1191 1186 1281 1217 enim
1300 1186 1364 1217 hoc
1382 1188 1514 1217 exerci-

805 1238 889 1269 tium
918 1237 1036 1278 primae
1065 1237 1161 1268 aetati
1191 1237 1342 1268 virorum
1381 1236 1513 1268 Princi-

806 1298 899 1329 pum.
929 1287 1026 1319 Idem.

848 1342 891 1370 66
919 1339 1070 1378 Virgatas
1095 1338 1202 1379 figere
1226 1337 1341 1377 tigres]
1395 1337 1450 1368 Ita
1480 1337 1514 1367 in

807 1399 866 1420 suo
890 1389 976 1420 libro
994 1390 1061 1429 legi
1085 1389 1214 1419 monuit
1227 1388 1425 1420 Claverius:
1452 1397 1515 1419 nec

809 1439 909 1468 aliter
941 1448 983 1468 ex
1021 1439 1147 1468 nostris
1188 1440 1333 1469 Lucens.
1363 1442 1399 1468 et
1429 1447 1514 1468 unus

810 1487 968 1518 Ambros.
1001 1497 1078 1518 cum
1116 1488 1289 1527 excerptis
1334 1488 1517 1528 Pomponii

809 1539 907 1577 Laeti,
933 1543 969 1569 et
997 1539 1126 1579 optimo
1158 1539 1329 1569 Vaticano
1361 1549 1379 1568 a
1414 1549 1516 1569 manu

810 1588 986 1619 secunda:
1012 1589 1113 1627 vulgo
1138 1588 1254 1628 inepte
1282 1588 1372 1627 virga
1392 1587 1519 1628 transfi-

806 1648 903 1678 gere;
935 1638 991 1669 cui
1019 1638 1160 1669 lectioni
1191 1644 1303 1669 tamen
1331 1639 1517 1669 subscribit

809 1688 979 1720 Barthius.
1008 1689 1140 1719 Seneca
1155 1688 1299 1729 Hippoi.
1316 1689 1324 1705 ‘
1341 1688 1436 1718 Tunc
1454 1688 1518 1718 vir-

810 1739 916 1778 gatas¹
938 1738 1039 1769 India
1067 1738 1172 1779 tigres
1198 1739 1345 1769 discolor
1375 1738 1518 1769 horret.'

809 1789 944 1820 Auctor
968 1789 1129 1820 Herculis
1155 1789 1279 1821 OEtaei:
1316 1790 1324 1806 ‘
1340 1788 1415 1819 fera
1439 1790 1518 1820 Cas-

810 1840 880 1879 pia,
895 1840 982 1872 Quae
999 1839 1131 1879 virgata
1145 1839 1205 1870 tibi
1223 1839 1372 1880 praebuit
1388 1839 1517 1870 ubera.'

809 1889 921 1927 Silius,
944 1889 1004 1920 lib.
1029 1898 1062 1920 v.
1093 1890 1102 1906 ⁴
1122 1890 1325 1921 Caucasiam
1350 1889 1518 1920 instratus

810 1940 942 1980 virgato
961 1949 1105 1980 corpore
1123 1939 1261 1980 tigrim.’
1295 1940 1340 1970 D.
1359 1939 1474 1970 Heins.

858 1990 957 2030 Virga
985 1990 1169 2032 transfigere
1197 1990 1310 2030 tigres]
1337 1991 1442 2030 Virga
1467 1993 1520 2020 est

805 2042 960 2083 jaculum
988 2042 1164 2081 gracilius,
1190 2040 1335 2081 figendis
1360 2040 1456 2080 feris,
1480 2044 1519 2070 ut

810 2090 922 2131 ῥάβδος
939 2092 1083 2123 Graecis.
1121 2092 1238 2122 Barth.

855 2142 1003 2172 Cominus
1024 2144 1078 2172 aut
1105 2142 1193 2180 lunge
1214 2142 1306 2180 virga
1334 2139 1520 2182 transfigere

814 2193 939 2233 Tigres]
963 2193 1056 2233 Lege
1082 2202 1234 2224 mecum:
1265 2194 1354 2232 longe
1379 2193 1522 2232 virgatas

801 2244 906 2285 figere
926 2243 1045 2283 Tigres.
1069 2243 1158 2274 Nam
1174 2243 1275 2282 tigres
1289 2244 1424 2282 virgatae
1438 2246 1520 2273 suut

812 2293 965 2332 maculis,
982 2294 1087 2324 instar
1110 2293 1280 2333 virgarum
1305 2292 1522 2331 transversis,

814 2343 998 2374 distinctae.
1022 2343 1198 2383 Dempster.

857 2397 897 2424 67
923 2394 1037 2424 Medus
1057 2394 1115 2424 tibi
1137 2394 1244 2434 cessit]
1273 2393 1366 2425 Medi
1390 2393 1521 2424 nobiles

815 2443 980 2485 equitatu.
1006 2443 1170 2475 Horatius
1191 2445 1212 2474 1.
1236 2453 1260 2475 1.
1280 2443 1347 2476 Od.
1365 2446 1395 2474 2.
1414 2444 1422 2460 ‘
1442 2443 1521 2475 Neu

815 2495 906 2526 sinas
944 2494 1066 2525 Medos
1113 2494 1269 2535 equitare
1309 2495 1432 2525 inultos
1470 2493 1521 2523 Te

816 2546 927 2584 Duce,
945 2544 1086 2576 Caesarl
1124 2545 1242 2575 Barth.

858 2599 900 2627 68
925 2595 1099 2635 Refugum]
1145 2605 1194 2626 lv.
1227 2595 1414 2626 Consulatu
1451 2592 1522 2623 Ho-

817 2648 923 2679 norii:
948 2648 956 2663 ‘
974 2647 1094 2688 refugo
1122 2657 1198 2689 quae
1221 2647 1266 2678 sit
1288 2646 1414 2677 fiducia
1438 2645 1521 2675 Par-

818 2698 898 2730 tho!
928 2698 1026 2729 Idem.

860 2751 902 2779 70
930 2749 1060 2780 Patrius
1096 2757 1241 2789 suspenso
1268 2745 1430 2786 Principe]
1466 2743 1523 2775 Se-
