1763 3116
463 161 683 191 ELEGIAM
719 160 781 191 DE
815 161 1059 192 PHOENICF..

36 254 194 295 δρνσεροὺς
219 255 315 286 ἀνθῶν
347 251 577 294 πολυτρέπτων.
634 253 734 284 Flore

38 305 139 336 etiam
157 306 271 336 vestiti
296 304 398 335 Sileni
425 304 457 333 in
486 304 619 334 theatra
643 303 736 334 iudu-

38 355 203 386 cebantm·
219 355 368 385 dramate
385 354 550 394 satyrico.
584 354 592 369 ‘
609 354 735 385 Vestiti

38 405 176 437 floribus
193 405 273 445 agri'
290 405 379 445 apud
398 405 515 444 poetas
539 404 736 446 frequenter

38 461 233 493 occurrunt,
259 459 294 485 ct
320 457 328 470 ⁶
347 455 463 485 vestiti
481 455 666 494 messibus‚’
694 455 737 485 si-

38 505 206 544 miliaque.
255 505 344 535 Hinc
370 505 594 545 corrigendus
619 509 737 535 auctor

38 553 210 593 Pervigilii
235 554 377 584 Veneris
403 555 476 585 loco
503 555 636 594 penitus
659 565 735 585 con-

38 603 196 635 clamato.
242 606 351 637 Quem
381 611 457 645 post
496 605 665 636 Pithoeum
695 615 737 636 ex

38 654 241 684 membranis
270 655 367 695 longe.
400 656 589 686 veterrimis
614 657 737 687 Petrus

37 704 228 734 Scriverius
273 705 319 734 sic
366 705 534 735 edendum
581 706 738 736 curavit:

37 755 46 770 ‘
63 754 175 794 Hybla
193 760 281 785 totos
305 755 408 785 funde
436 754 545 795 tiores,
573 760 739 797 quotquot

39 814 142 834 annus
169 807 293 836 attulit.
339 807 453 846 Hybla
477 806 595 837 florum
613 807 740 846 *supe-

40 859 178 893 restem,
205 861 348 896 quantus
378 858 476 886 Etuae
503 867 641 896 campus
668 859 742 886 est.'

41 903 152 933 Priori
194 915 290 935 versu
322 906 508 944 maluerim,
541 910 624 936 totas
646 905 741 939 funde

29 955 139 994 flores,
167 960 334 995 quotquot
352 961 442 986 totus
467 965 572 986 annus
601 956 737 994 attulit;

41 1009 132 1035 certe
150 1004 181 1034 in
199 1004 335 1044 optimis
351 1005 555 1036 membranis
572 1008 666 1043 totus,
683 1005 742 1035 sed

40 1056 160 1086 omisso
197 1056 242 1094 τῷ
268 1055 376 1095 flores.
424 1056 611 1086 Poste-riori
643 1065 742 1086 versu

42 1105 216 1147 quantillae.
233 1111 307 1136 erat
334 1107 544 1144 mutationis,
561 1106 667 1146 Hybla
679 1106 743 1146 flo-

40 1166 110 1186 rum
145 1165 227 1186 sume
258 1160 393 1192 restem;
428 1158 480 1187 vel
511 1158 613 1187 etiam
642 1167 744 1197 prome

40 1209 167 1236 vestem:
182 1215 256 1236 nam
271 1207 301 1236 in
316 1207 492 1237 pithoeano
505 1207 744 1247 codiceflorum

43 1259 241 1296 rumpereste.
305 1257 394 1287 Male
436 1258 622 1288 Seriverius
654 1258 745 1288 subde

43 1317 179 1346 messem,
192 1308 257 1346 vel,
272 1307 372 1345 sande
386 1318 521 1339 messem.
567 1309 648 1339 Mox
665 1311 746 1339 rela-

45 1358 125 1388 mine
141 1358 245 1397 fulget
265 1359 448 1389 Vossianus
473 1364 507 1389 et
524 1359 581 1389 alii
597 1360 746 1399 complu-

45 1418 107 1440 res.
145 1410 311 1447 Oxonius,
323 1410 463 1440 humerus
477 1411 623 1441 velamine
631 1410 747 1449 fulget.

90 1462 149 1489 131
176 1459 273 1489 Fulvo
297 1459 445 1489 distincta
474 1460 610 1499 metallo]
654 1461 748 1490 Bene

43 1510 177 1540 distenta
202 1509 406 1547 Vossianus3
431 1519 472 1540 ne
491 1509 540 1540 bis
557 1510 677 1540 eadem
703 1511 748 1539 lo-

45 1560 181 1591 cutione
206 1570 302 1590 usum
331 1570 406 1591 esse
435 1561 653 1591 Lactantium
681 1561 749 1591 cul-

46 1621 175 1651 pemus.
234 1611 491 1652 Subjunguntur
536 1613 625 1643 enim

45 1661 226 1701 crurastuvo
242 1663 390 1693 distincta
404 1664 535 1694 metallo,

90 1716 151 1743 133
180 1714 307 1744 Clarum
322 1715 406 1744 inter
428 1724 544 1753 pennas
569 1715 690 1753 insigne
707 1719 751 1746 est

47 1765 187 1804 desuper,
205 1764 282 1804 Iris]
306 1765 489 1795 Vossianus
504 1765 662 1796 mutilato
679 1776 752 1796 ver-

49 1825 98 1854 su,
132 1815 255 1845 Harum
285 1825 400 1855 pennas
428 1816 549 1853 insigne
576 1817 754 1855 superaris.-

50 1870 118 1896 tres
149 1866 205 1895 alii
233 1866 337 1896 etiam
365 1866 502 1896 codices
536 1866 663 1897 Harum
691 1877 752 1907 pro

48 1916 187 1946 clarum:
233 1915 374 1946 totidem
407 1916 586 1956 insigneque
614 1918 753 1957 desuper.

51 1964 260 2003 Hafniensis,
279 1966 347 1995 Has
372 1966 455 1996 inter
478 1976 593 2005 pennas
620 1967 756 2006 insignes

50 2016 191 2054 desuper.
237 2015 373 2045 Deinde
392 2026 452 2054 pro
478 2017 542 2046 alta
562 2018 649 2056 solet,
671 2019 756 2047 Vos-

52 2065 162 2095 sianus
179 2069 213 2094 et
240 2065 391 2095 Oxonius
415 2076 490 2096 uara
513 2068 600 2097 solet.
647 2068 757 2098 Medi-

53 2124 133 2146 ceus
149 2125 231 2145 axa.-
267 2114 464 2146 Hafniensis
480 2117 588 2148 archa:
617 2122 684 2148 tres
702 2119 758 2148 alii

51 2176 130 2196 ara.-
167 2166 200 2195 in
228 2177 294 2197 uno
320 2167 500 2205 Vaticano,
527 2172 608 2199 atra.
652 2169 757 2200 Totus

54 2217 147 2248 locus
169 2217 216 2247 sic
242 2217 375 2247 videtur
401 2219 682 2250 constituendus:
714 2220 759 2251 At

55 2267 176 2297 variam
204 2277 319 2307 pennas
344 2268 465 2306 insigne
490 2270 665 2309 interviret,
697 2271 761 2301 Iris

56 2317 191 2355 Pingere
215 2327 267 2347 cea
293 2319 401 2349 nubem
424 2320 553 2359 desuper
579 2323 649 2351 acta
673 2321 759 2351 solet.

57 2366 174 2396 Possis
193 2367 312 2398 etiam:
348 2368 476 2399 Aeriam
501 2381 618 2410 pennas
640 2371 761 2410 insigne

56 2426 147 2456 saper
162 2418 250 2448 nitet.
299 2419 397 2448 Iridis
423 2430 544 2450 nomeu
561 2422 670 2452 Statio
688 2422 761 2452 red-

61 2466 207 2497 dendum
224 2468 343 2507 opinor
356 2468 533 2508 Sylvarum
554 2480 604 2502 lv,
623 2473 674 2502 via
691 2473 761 2502 Do-

59 2517 227 2547 mitiana:
253 2520 261 2533 ‘
284 2518 391 2557 Hujus
413 2519 518 2558 janua
547 2531 761 2561 prosperum-

62 2576 127 2608 que
143 2567 242 2596 limen
261 2566 368 2596 Arcus
395 2568 547 2607 belligeri
574 2571 677 2600 Ducis
695 2576 763 2601 tro-

63 2616 145 2656 paeis
163 2617 204 2646 Et
225 2618 303 2646 totis
323 2617 481 2656 Ligurum
495 2619 581 2650 nitet
595 2621 762 2651 metallis:

63 2666 218 2698 Quantus
259 2667 370 2696 nubila
408 2678 472 2708 quo
515 2676 655 2701 coronat
686 2671 762 2702 Iris.

64 2716 138 2747 Illic
171 2715 324 2747 flectitur
353 2718 464 2748 exitus
492 2719 633 2752 viarum.
687 2721 764 2752 Illic

153 2769 265 2810 Delph.
281 2773 309 2801 et
327 2771 398 2803 Var.
416 2772 500 2804 Clas.

673 1623 750 1644 mox

729 2776 843 2806 Claud.

1375 156 1487 196 1745

786 253 900 295 Appia
916 265 951 286 se
968 255 1060 286 dolet
1082 255 1251 295 relinqui?
1297 257 1382 288 Nam
1401 269 1487 291 nunc

786 305 894 335 minus
913 305 1074 336 concinne
1093 305 1332 337 circumfertur
1349 319 1356 338 ε
1385 310 1488 344 Quan-

787 358 836 385 eus
850 355 956 386 nubila
972 356 1024 396 qai
1040 360 1162 386 coronat
1178 366 1279 387 arcus.
1326 357 1396 387 Illic
1413 359 1490 397 flec-

787 405 867 435 titur
883 407 1002 436 esu-itus
1017 408 1137 436 viator:
1161 417 1276 446 parum
1300 408 1465 439 concinne
1480 421 1488 447 ;

788 465 886 485 arcus
903 457 991 486 enim
1009 457 1114 487 imbre
1132 467 1196 487 non
1211 463 1351 488 coronat
1366 459 1494 498 nubila,

788 505 847 536 sed
867 506 931 536 Iris
949 516 1040 538 arcu.
1086 508 1161 538 Aris
1178 518 1239 549 pro
1255 509 1311 538 iris
1328 509 1360 539 in
1379 509 1489 540 Statio

791 562 966 588 exaratum
1008 559 1116 598 primo
1144 559 1268 598 fuerat,
1297 564 1334 590 ut
1366 560 1398 590 in
1429 561 1492 590 boc

792 609 960 639 Lactantii
985 609 1059 639 loco
1074 609 1183 640 codex
1202 610 1398 650 Vossianus,
1414 611 1493 641 inde

791 669 880 689 arcas
896 664 1092 699 prognatus.

837 712 899 739 136
927 710 968 738 Et
981 719 1059 748 paro
1075 709 1182 749 corna]
1222 711 1263 740 Et
1283 711 1387 750 patulo
1400 721 1495 741 cornu

790 769 928 797 gemmea
943 760 1043 798 cuspis
1062 760 1140 798 hiat,
1157 760 1274 799 opinor
1291 761 1331 791 ab
1348 761 1496 792 auctoris

794 819 894 840 manu
911 809 1027 841 fuisse.

840 863 897 890 137
918 861 1063 897 Ingentes
1075 862 1174 891 oculos
1183 863 1287 891 credas
1300 862 1496 902 geminosque

793 910 987 950 hyacinthos]
1013 911 1123 941 Recte
1140 912 1275 942 omnino
1290 912 1472 943 Vossianus
1489 924 1496 943 ε

795 961 942 998 Ingentes
956 961 1034 991 oculi
1047 972 1056 990 .·
1088 963 1193 992 credas
1213 963 1350 1001 geminos
1371 964 1499 1004 hyacin-

793 1009 873 1039 thos.

840 1061 901 1090 139
925 1061 1081 1100 AEquatur
1105 1065 1169 1091 toto
1193 1062 1289 1102 capiti
1312 1064 1436 1094 radiata
1451 1075 1498 1094 co-

794 1109 885 1148 rona]
919 1111 1115 1150 ,Eqaataque
1142 1112 1234 1142 notho
1260 1114 1444 1144 Vossianus
1465 1118 1500 1145 et

796 1165 940 1200 quatuor
956 1161 1011 1190 alii
1027 1171 1034 1191 :
1061 1161 1214 1192 Oxonius
1232 1163 1429 1203 AEquataque
1451 1174 1502 1194 na-

796 1213 846 1240 ta:
871 1220 954 1240 unus
972 1211 1171 1250 Vaticanus,
1184 1214 1381 1253 AEquataqae
1394 1214 1502 1245 notho:

798 1260 896 1298 alius,
913 1262 1126 1300 AEqnaturqne
1139 1265 1242 1297 rotem
1261 1263 1363 1292 etiam
1377 1264 1501 1303 capitis.

799 1311 945 1341 Videtur
969 1311 1104 1341 dedisse
1132 1313 1349 1343 Lactantius:
1384 1315 1502 1353 AEqua-

799 1364 906 1400 tnrqae
922 1364 998 1391 rotce
1013 1361 1124 1401 capitis
1147 1362 1270 1392 radiata
1286 1373 1416 1399 corona,·
1449 1364 1502 1395 vel

801 1414 978 1452 AEqnatura
994 1417 1107 1443 rotam.

847 1465 901 1492 141
932 1463 1025 1492 Fau-0
1054 1463 1203 1493 distincta
1229 1463 1367 1503 metallo]
1408 1464 1503 1495 Fulvo

801 1513 985 1543 Vossianus
1017 1518 1051 1543 et
1086 1518 1155 1544 tres
1181 1514 1247 1553 alii,
1273 1515 1440 1554 quomodo
1468 1520 1505 1546 et

802 1572 911 1602 supra.
957 1563 1040 1593 Mox
1058 1564 1193 1594 codices
1208 1564 1323 1603 prisci,
1340 1574 1421 1595 roseo
1434 1566 1505 1605 pin-

799 1613 849 1652 git
867 1613 977 1643 honore
992 1614 1083 1652 color,
1099 1623 1164 1643 non
1182 1624 1296 1644 roseus.

848 1666 909 1694 144
937 1664 977 1693 Et
993 1664 1115 1694 mistam
1143 1664 1288 1694 Phasidis
1304 1664 1386 1694 inter
1403 1665 1505 1704 arem]

803 1713 1026 1744 Scribendum
1037 1715 1152 1753 pictam
1166 1724 1252 1744 avem
1265 1724 1306 1744 ex
1319 1715 1506 1753 Vossiano3

804 1774 867 1794 nec
899 1764 1055 1794 Oxonius
1085 1764 1227 1803 abludit,
1259 1765 1291 1794 in
1321 1774 1388 1805 quo
1408 1765 1506 1804 picta.

805 1814 925 1845 Certat
938 1815 1091 1845 nimirum
1106 1825 1181 1845 cum
1196 1825 1327 1855 pavone
1343 1817 1415 1855 ipso
1428 1816 1507 1855 pha-

804 1865 916 1895 sianus
934 1874 1120 1904 pennarum
1149 1865 1406 1895 versicolor-ium
1425 1865 1509 1895 mira

807 1915 1060 1954 pulchritudine
1077 1926 1085 1952 ;
1109 1919 1141 1944 et
1160 1915 1231 1954 jam
1246 1914 1282 1944 τὸ
1300 1916 1391 1945 mista
1410 1925 1510 1954 prox-

805 1965 872 1995 ime
890 1970 1122 2004 praecesserat.

851 2018 911 2046 145
938 2016 1128 2053 Magnitiem
1152 2016 1244 2046 terris
1272 2016 1411 2046 Arabum
1442 2026 1509 2056 quoe

804 2065 950 2104 gignitur
980 2065 1058 2104 ales]
1101 2066 1291 2104 Illagnitiem
1319 2068 1383 2107 (ita
1421 2067 1510 2097 enim

809 2116 926 2155 scripti
945 2115 1078 2146 codices
1096 2115 1181 2155 fere,
1195 2117 1257 2146 11151
1271 2117 1359 2156 quod
1378 2116 1410 2147 in
1428 2117 1511 2147 Bar-

808 2166 995 2196 tholiniano
1014 2167 1192 2206 Magniem)
1210 2177 1331 2197 nomeu
1343 2168 1413 2197 avis
1427 2166 1511 2198 Ara-

810 2218 895 2248 bicae
914 2227 986 2247 csse
998 2217 1208 2248 contendunt
1221 2218 1512 2258 intei·pretes,11ec

810 2273 923 2298 tamen
954 2268 994 2297 de
1021 2277 1086 2308 qua
1111 2278 1171 2298 ave
1201 2269 1293 2299 locus
1322 2269 1514 2299 hicintelli-

811 2318 941 2358 gendus
957 2318 1013 2356 sit,
1029 2318 1124 2348 nobis
1144 2319 1253 2358 palam
1271 2318 1423 2357 faciunt3
1447 2319 1513 2350 imo

812 2368 844 2398 id
862 2378 897 2398 se
912 2378 1045 2408 prorsus
1058 2369 1213 2409 ignorare
1231 2379 1297 2400 non
1315 2369 1514 2401 diffitentur.

812 2419 1005 2458 ssIagnitiem
1021 2429 1040 2449 a
1057 2419 1236 2451 Lactantio
1254 2421 1331 2460 poni
1351 2430 1410 2460 pro
1427 2428 1516 2459 mag-

813 2470 969 2500 nitudine
997 2480 1068 2500 sum
1096 2475 1225 2507 certus,
1251 2472 1451 2501 vocabulum
1468 2471 1516 2500 in-

815 2521 924 2551 solens
943 2521 1053 2551 t'ateor
1070 2531 1132 2551 nec
1152 2522 1326 2558 usitatum,
1350 2520 1515 2560 quomodo

815 2577 848 2602 et
870 2572 1074 2609 magnitatem
1101 2583 1161 2612 pro
1189 2572 1420 2606 mamutnaine
1446 2571 1515 2601 No-

816 2622 889 2651 uius
918 2622 1102 2652 Marcellus
1120 2633 1161 2652 ex
1184 2627 1318 2652 vetusto
1336 2622 1514 2660 scriptore.

818 2672 894 2702 Fuit
910 2682 984 2702 cum
1004 2673 1189 2702 arbitrarer
1212 2677 1384 2701 exaratum
1409 2668 1515 2708 primo

817 2720 871 2752 hie
887 2721 954 2752 loci
972 2721 1075 2753 fuisse
1093 2721 1177 2752 Male
1201 2721 1318 2756 etiam;
1349 2718 1402 2749 cui
1421 2727 1516 2749 voca·

1367 2775 1384 2802 5
1408 2772 1430 2802 S
