1859 3148
337 122 449 163 1720
565 132 706 163 NOTAE
739 131 1003 162 VARIORUM

337 224 398 255 sub
413 225 557 256 nomine.
599 225 686 256 Vide
703 227 820 255 notata
835 224 1033 256 doctissimo

337 275 535 306 Casaubono
562 275 603 305 ad
630 276 830 306 Atllcnaenm
854 275 939 306 libro
966 285 1032 307 vn.

338 325 474 356 Concha
503 325 623 355 Mariae
653 325 857 355 Stilichoniae
890 325 1034 356 Honorli

337 375 502 415 conju-gis,
527 375 558 404 in
576 374 756 413 sepulchro
784 375 857 414 ejus
885 375 1034 416 inventa,

337 424 529 454 celebratur
548 423 690 453 oculatis
707 423 864 463 testibus,
877 434 917 456 ex
930 425 1036 457 Acha-

339 479 373 504 te
393 474 575 504 elaborata.
612 472 790 504 Pertinere
808 474 871 505 huc
888 474 1036 514 videtur,

336 523 493 553 nimirum
518 522 601 552 tales
615 521 648 551 in
665 531 726 552 usu
753 524 897 555 conchas
919 523 1036 564 fuisse,

337 577 376 602 ut
392 571 472 602 totis
489 570 570 600 inibi
588 571 786 611 corporibus
812 573 919 604 lavari
940 579 1037 614 potu-

337 622 425 652 erint
460 620 616 652 foeminae.
676 623 841 663 Exemplo
877 625 1033 657 nimirum

336 671 478 701 Veneris
495 680 570 702 cum
587 672 715 704 concha
731 682 790 704 sua
804 674 836 705 iu
849 675 932 706 mari
949 675 1034 707 cele-

1037 131 1087 162 IN
1122 131 1195 162 01..
1228 131 1409 162 CLAUD.
1442 132 1559 162 Lvn.

1088 225 1256 257 berrimae.

1131 278 1145 306 l
1174 275 1340 306 Heliconia
1370 275 1467 315 Nais]
1505 276 1691 307 Castalium
1717 275 1790 307 fon-

1088 330 1156 356 tem
1174 325 1269 364 dicit,
1285 326 1417 356 nomine
1435 335 1508 356 eam
1526 325 1667 357 colentis
1684 326 1788 366 Nym-

1093 377 1179 417 phae.
1209 378 1322 408 Barth.

1131 429 1150 456 2
1176 427 1443 467 Conchoediritis]
1466 427 1674 467 Argenteam
1691 427 1788 467 dicit,

1090 476 1179 507 unde
1197 477 1368 508 lavaretur
1382 477 1522 517 Regina.
1548 479 1643 508 Idem.

1133 529 1150 555 3
1176 527 1286 556 Doctae
1309 527 1446 566 Serenoe]
1473 528 1601 559 Omnes
1626 537 1701 558 suas
1720 527 1788 559 He-

1092 577 1201 608 roinas
1218 578 1417 610 eruditionis
1440 579 1557 611 laudat
1574 585 1609 611 et
1624 589 1790 611 commen-

1093 626 1162 658 dat.
1189 627 1285 658 Idem.

1002 884 1125 926 LVI.

665 1027 706 1067 G.
761 1025 828 1068 De
854 1025 1073 1083 Crystallo,
1095 1027 1159 1068 cui
1179 1041 1285 1082 (equa
1309 1026 1452 1067 inerat.

385 1145 436 1176 De
462 1145 616 1185 c1·yst‹1110‚
642 1146 691 1176 cui
714 1156 794 1186 aqua
820 1148 937 1188 inerat]
975 1150 1037 1180 Lu-

339 1206 430 1227 cens.
457 1201 491 1226 et
509 1197 605 1236 prim.
631 1198 743 1228 Vatic.
768 1199 818 1228 De
834 1200 977 1238 crystallo
994 1201 1037 1229 Io-

335 1247 418 1285 pide,
433 1245 465 1275 in
479 1255 536 1284 quo
548 1246 685 1283 ingelata
697 1246 811 1276 latebat
827 1256 916 1285 aqua.
964 1247 1038 1277 Cla-

338 1294 448 1325 verius
463 1299 497 1324 et
515 1295 765 1334 Raphelengins
779 1301 869 1326 recte
886 1296 949 1327 hoc
966 1306 1038 1326 car-

337 1353 415 1374 men
430 1343 460 1372 in
485 1348 616 1382 septem
643 1344 890 1383 epigrammata
915 1345 1038 1376 divise-

338 1398 418 1425 runt
433 1404 441 1431 3
467 1404 484 1433 q
492 1393 555 1423 nod
571 1393 746 1425 confirmat
763 1395 824 1435 pri.
841 1396 1038 1434 Vaticanus,

338 1443 395 1484 qui
420 1443 599 1483 distinguit
622 1444 803 1476 manifeste
819 1446 1039 1485 epigramma-

338 1494 575 1534 ta,inte1·ject0
585 1496 724 1534 singulis
737 1496 852 1526 Aliter.
865 1496 908 1527 D.
919 1497 1038 1528 Heius.

383 1547 399 1575 1
426 1545 567 1575 Possedit
588 1546 722 1585 glacies]
743 1546 914 1586 Scriptum
940 1547 972 1578 in
990 1558 1039 1578 se-

337 1592 570 1633 miperfeclam
598 1596 807 1635 crystallum,
832 1607 906 1636 quae
931 1598 1037 1628 conti-

338 1642 451 1672 nuerit
474 1643 506 1672 in
521 1652 556 1673 se
578 1652 698 1684 aquam
725 1645 873 1676 nondum
899 1647 931 1676 iu
950 1657 1038 1687 gem-

338 1700 425 1722 mam
439 1692 622 1724 redactam.
653 1694 808 1726 Glaciem
825 1695 857 1726 in
868 1706 907 1726 ea
922 1706 1038 1737 agnos-

339 1747 420 1773 cunt
436 1753 563 1775 omnes,
883 1757 886 1760 ·

384 1793 518 1824 Naturoe
531 1794 621 1832 signa
635 1794 764 1835 prioris]
791 1797 839 1828 Ut
856 1807 921 1828 non
939 1798 983 1829 sit
1000 1808 1039 1829 ea

341 1841 495 1881 amplius,
533 1847 568 1873 et
601 1843 758 1875 videatur
789 1850 901 1877 tamen
935 1848 1041 1879 instar

341 1901 435 1932 aquae
462 1892 653 1932 pellucida3
678 1903 739 1926 nec
755 1896 844 1927 enlm
861 1898 1041 1929 resolvitur

342 1941 375 1971 in
409 1951 525 1982 aquam
561 1949 618 1974 aut
656 1944 767 1977 nivem
797 1946 860 1978 ista
900 1948 1037 1988 glacies.

1093 1147 1211 1178 Barth.

1135 1200 1154 1226 2
1181 1198 1259 1231 Qua*
1276 1195 1335 1236 fit]
1375 1196 1417 1225 Et
1435 1195 1481 1236 fit
1507 1194 1636 1236 scripti,
1666 1199 1793 1235 praeler

1093 1245 1234 1276 tertium
1251 1245 1408 1277 Vatican.
1427 1250 1461 1277 et
1477 1245 1726 1286 Rottendorph.
1750 1246 1793 1277 D.

1093 1296 1205 1327 Heius.

1137 1349 1155 1376 3
1180 1346 1293 1377 Sollers
1305 1346 1376 1377 lusit
1392 1345 1503 1386 hiems]
1527 1345 1596 1377 Per
1609 1344 1723 1376 ludum
1737 1345 1793 1376 ad-

1093 1397 1241 1427 strinxit.
1277 1397 1371 1427 Ludo
1389 1397 1520 1428 scilicet
1538 1397 1679 1428 Natnrae
1696 1396 1794 1436 insig-

1093 1447 1137 1477 ni.
1164 1447 1278 1477 Barth.

1135 1498 1154 1525 4
1181 1496 1334 1534 Nobilior,
1350 1496 1451 1536 miris]
1487 1496 1607 1526 mixtis
1623 1496 1794 1527 Claverius

1094 1555 1135 1576 ex
1153 1548 1259 1578 veteri
1276 1547 1362 1578 libro
1379 1553 1414 1578 et
1434 1548 1702 1587 Raphelengius:
1721 1557 1797 1577 nos-

1095 1595 1138 1626 tri
1157 1605 1284 1632 omnes,
1302 1601 1448 1636 excepto
1472 1606 1537 1626 uno
1562 1597 1647 1626 mitis
1673 1595 1795 1635 praefe-

1094 1650 1203 1685 rente,
1221 1646 1322 1683 vivis;
1346 1650 1383 1676 ut
1400 1645 1487 1676 infra
1505 1646 1536 1675 iu
1553 1646 1672 1676 iisdem
1689 1647 1795 1687 scrip—

1093 1699 1157 1729 tls:
1182 1700 1190 1715 ‘
1206 1699 1249 1729 Et
1267 1697 1391 1729 refluos
1418 1698 1546 1729 ducunt
1571 1699 1693 1739 pocula
1718 1699 1795 1730 viva

1092 1748 1208 1779 sinus.’
1233 1749 1277 1779 D.
1294 1748 1409 1779 Heius.

1136 1799 1247 1829 Mistis
1270 1809 1393 1838 gemma
1422 1799 1579 1839 tumescit]
1630 1800 1795 1838 Tmuescit,

1094 1853 1226 1880 uterum
1253 1850 1345 1880 volut
1370 1848 1449 1890 fert,
1467 1858 1641 1891 praegnans
1656 1860 1714 1882 sua
1732 1850 1792 1881 sibi

1095 1909 1190 1941 aqua.
1215 1900 1330 1932 Barth.

987 2161 1137 2205 LVII.

946 2307 987 2346 7.
1035 2304 1186 2345 Aliter.

388 2429 402 2455 1
431 2424 592 2465 Lympha]
632 2425 783 2465 Nymphoe
810 2429 845 2456 et
879 2425 1040 2466 Nymphas

344 2476 465 2513 alii‚ut
493 2486 534 2506 ex
566 2476 670 2506 veteri
700 2476 783 2506 libro
813 2477 986 2507 Claverius
1004 2482 1039 2508 et

347 2525 607 2567 Rapllelengins.
641 2525 695 2556 Sic
712 2525 820 2556 infra:
846 2527 854 2542 ‘
868 2526 945 2556 vidi
965 2536 1040 2566 per-

341 2576 460 2616 spicuo
471 2575 655 2615 deprensas
667 2585 833 2607 marmore
847 2577 1010 2617 nymphas
1021 2578 1042 2608 ε’

345 2627 401 2656 ubi
421 2632 531 2657 tamen
559 2626 695 2666 lymphas
715 2626 845 2666 scripti.
893 2627 960 2657 Pro
976 2637 1040 2657 cor-

341 2687 413 2716 pore
428 2686 510 2708 unus
523 2677 646 2708 Mureti
659 2679 796 2716 pectore:
814 2677 878 2707 duo
892 2676 1040 2708 Medicei

1093 2430 1129 2457 et
1147 2435 1232 2457 unus
1265 2426 1420 2458 Ambros.
1448 2436 1523 2458 cum
1541 2429 1712 2470 Palatino,
1728 2441 1792 2462 car-

1093 2486 1185 2514 cere‚·
1223 2478 1418 2517 eleganter:
1460 2477 1639 2510 confirmat
1668 2480 1793 2520 primus

1094 2528 1290 2559 Vaticanus.
1315 2528 1357 2559 D.
1376 2528 1487 2559 Heius.

1137 2582 1156 2609 2
1184 2580 1260 2614 Quoe
1287 2589 1364 2610 nunc
1391 2579 1477 2619 estis]
1512 2580 1645 2618 Forma,
1670 2580 1794 2619 colore,

1095 2628 1232 2668 frigore.
1263 2630 1376 2661 Barth.

1140 2682 1157 2708 :3
1184 2681 1273 2715 Quod
1292 2690 1343 2711 vos
1371 2680 1662 2723 ingcniwnjtmxit]
1692 2682 1792 2714 Scali-
