1763 3116
639 120 900 152 EIDYLLIA.

48 217 83 247 7.
93 213 201 256 pinnis
217 223 278 255 pro
290 214 402 255 pennis
421 221 463 244 ex
480 211 606 244 Aldino
623 211 744 243 codice

48 270 85 299 et
100 266 313 296 membranis.
337 265 382 295 D.
397 262 510 294 Heins.

91 319 111 347 2
136 317 232 347 Fama
245 315 388 354 secunda]
408 313 464 343 Sic
477 312 518 342 de
530 311 745 343 nobilissimis

48 366 284 407 loquebantur,
311 373 410 393 uuum
439 362 584 402 aliquem
612 360 746 391 demen-

49 421 114 447 tes.
159 413 327 446 Martialis
345 413 400 443 lib.
413 420 476 442 vn.
495 412 558 451 Ep.
570 414 621 442 26.
637 414 646 428 ‘
661 411 746 442 'l'us-

49 474 100 496 cae
117 463 258 504 glandis,
275 471 370 502 aper,
398 461 591 501 populator,
618 466 653 492 et
669 459 745 492 ilice

47 514 153 545 multa
167 513 243 545 Jam
263 512 372 552 piger,
388 511 508 543 AEtolae
525 511 612 543 fama
627 521 745 542 secun-

47 563 90 594 da
105 561 211 593 ferae.’
235 562 354 593 Bar-th.

87 615 108 643 4
133 611 262 647 Horret,
280 610 436 652 ‹nnntque]
460 612 587 644 Metuit
610 617 646 644 et
670 613 745 644 dili-

46 663 110 703 git‚
135 672 210 704 quae
238 668 314 696 suut
341 662 588 695 Gubernatoris
614 663 745 695 summi.

47 715 145 745 Idem.

1388 115 1502 157 1695

842 214 861 242 7
886 211 1004 242 Pennis
1018 211 1147 253 confisa]
1170 213 1308 244 Eaedem
1322 215 1426 253 pinnis
1442 227 1502 258 op.

800 261 891 292 time.
937 262 985 293 Ut
1000 262 1142 302 primum
1167 263 1279 302 piunae
1297 272 1418 304 enatae,
1434 278 1500 299 non

801 315 1043 350 exspectantes
1093 321 1281 351 pennarum
1320 314 1502 352 perfectio.

800 369 889 391 nem.
936 359 1086 391 Eandem
1114 361 1294 392 lectionem
1320 363 1429 393 edidit
1448 365 1503 395 ΑΙ.

803 410 876 441 dus.
923 409 1060 442 Iudicat
1085 415 1199 442 autem
1215 411 1267 442 hic
1294 413 1388 441 simul
1406 413 1502 445 Clau-

800 460 919 491 dianus
932 461 1100 500 ingenium
1114 471 1208 492 suum
1219 467 1388 502 promtum
1401 469 1504 505 atque

798 512 911 542 alacre
939 511 1050 542 odisse
1076 521 1212 543 curam:
1247 513 1412 544 Poemata
1437 514 1501 545 sibi

798 563 902 602 nasci,
913 572 977 593 uon
989 562 1123 593 excludi
1139 574 1145 594 :
1171 567 1291 595 natura
1306 568 1416 595 vatem
1429 573 1502 596 esse

801 623 849 655 se,
867 623 931 645 nou
948 623 1040 647 cura.
1062 614 1160 646 Idem.

682 1041 859 1083 XLIV.

545 1201 992 1249 EIDYLLIA.

629 1339 670 1379 1.
724 1336 914 1378 Phoenix.

85 1462 237 1502 Phoeniae]
258 1460 392 1492 Nomen
417 1469 491 1490 cum
518 1460 630 1499 palma
654 1469 743 1490 com-

42 1521 143 1544 mune
167 1512 271 1542 habet
297 1512 365 1541 ales
391 1511 538 1540 omnium
567 1510 744 1550 Princeps,

43 1572 107 1594 nec
125 1561 327 1602 superabilis
345 1565 511 1600 tempore,
533 1564 590 1590 aut
607 1560 674 1590 ullo
691 1570 744 1591 ca-

44 1621 95 1652 su,
110 1611 268 1642 indicium
285 1610 452 1641 *vincentis
469 1620 580 1640 omma
597 1611 744 1641 eoelestis

44 1662 160 1702 animi,
185 1671 259 1693 sese
290 1671 352 1701 per
378 1662 538 1692 virtutem
565 1661 747 1701 propriam,

43 1712 263 1752 divinumque
281 1716 469 1752 aspectum,
496 1713 585 1743 omui
612 1713 746 1743 caduci-

43 1768 116 1794 tate.
147 1762 360 1793 vindicantis.
417 1762 549 1793 Plinius
581 1770 664 1793 xm.
692 1765 743 1793 12.

43 1813 159 1844 Barth.

88 1866 104 1894 l
132 1864 248 1894 Oceani
271 1873 388 1894 summo
408 1863 605 1903 circumfluus
626 1873 745 1903 oequore

44 1913 144 1953 lucus]
162 1915 237 1946 Qua
250 1914 333 1954 ipse,
343 1914 398 1953 inq
407 1914 631 1953 uit‚Oceanus
643 1913 744 1945 tinem

43 1965 168 2002 habet3
214 1970 251 1995 ut
294 1969 467 1995 removeat
502 1965 745 1996 habitatIOnem

44 2014 216 2045 Phoenicis
239 2015 327 2045 omni
344 2014 570 2045 coutubernio
593 2014 744 2045 humani-

45 2065 146 2095 tatis:
171 2074 268 2094 news*
284 2064 373 2094 enim
392 2069 461 2095 tum
478 2064 510 2095 in
525 2065 582 2094 illo
595 2063 745 2095 oric-ntis

45 2114 187 2146 Oceano
205 2117 385 2155 quir-quam
402 2115 587 2155 cognitum,
600 2114 744 2144 necdum

45 2169 84 2195 ut
107 2164 190 2195 fines
206 2164 279 2204 ejus
303 2165 442 2195 ruerint.
489 2163 648 2203 Ignotum
673 2163 746 2203 ejus

44 2214 272 2246 habitaculum
305 2215 402 2245 -entit
428 2214 649 2254 Antiquitas3
683 2223 745 2244 nec

42 2266 131 2297 enim
149 2266 321 2305 cognitum
338 2264 484 2304 cuipiam
511 2264 600 2294 unde
626 2264 749 2302 veniat,

45 2325 121 2347 cum
152 2316 186 2346 iu
216 2315 398 2355 AEuyptum
431 2315 534 2345 venit.
592 2314 745 2345 Orientis

48 2376 145 2397 avem
172 2367 227 2397 alii
256 2367 450 2406 appellant:
478 2366 626 2407 Assyriae
653 2367 745 2396 Mar-

47 2416 140 2447 tialis
165 2417 222 2447 lib.
241 2426 270 2446 v.
298 2417 415 2457 Epigr.
432 2420 463 2447 7.
510 2418 595 2447 Sunt
620 2421 747 2455 tamen,

48 2465 159 2506 qui.ut
177 2464 334 2504 Arabem,
356 2467 402 2495 {ta
418 2465 459 2495 de
476 2466 575 2497 busto
593 2471 747 2495 renatum

45 2514 79 2546 in
97 2513 257 2545 Arabiam
282 2515 392 2545 redire
419 2520 594 2546 autumant
622 2517 746 2555 plures.

48 2563 188 2594 Cautius
206 2564 411 2594 Claudianus
439 2565 525 2603 loco,
550 2570 587 2595 ut
604 2565 746 2604 dictum,

47 2623 114 2645 non
132 2613 315 2652 nominato,
340 2614 585 2645 philostratum
612 2621 747 2646 secutus

47 2663 105 2707 qui
141 2664 250 2706 ipsam
287 2663 420 2696 Indiam
458 2665 677 2706 supervolare
712 2666 747 2697 in

798 1459 984 1499 AEgyptum
1013 1458 1280 1491 contendentem
1314 1459 1409 1501 dicit,
1444 1471 1502 1494 111.

801 1512 853 1540 14.

845 1559 961 1589 Oceani
989 1559 1123 1599 aequore]
1161 1560 1243 1600 Ipso
1274 1561 1425 1602 Oceano,
1446 1564 1502 1594 vel

803 1609 919 1640 Oceani
935 1610 1036 1640 lucum
1050 1610 1218 1650 intelligas
1236 1615 1271 1640 ut
1284 1621 1382 1642 sacer
1395 1613 1437 1643 sit
1454 1613 1504 1644 illi

801 1659 947 1690 omnium
960 1660 1110 1691 Deorum
1124 1660 1374 1701 hominumque,
1388 1671 1505 1694 secun-

800 1710 878 1740 dum
897 1711 1098 1748 Homerum,
1117 1710 1298 1750 prosatori.

844 1760 1066 1801 Circunfiuus]
1089 1759 1279 1800 Περίῤῥυτος.
1295 1759 1407 1792 Aliter
1422 1760 1505 1792 Ovi-

799 1809 873 1839 dius
891 1809 1124 1841 circumfluum
1149 1812 1334 1850 humorem,
1358 1811 1415 1853 qui
1439 1812 1504 1844 Or-

799 1857 873 1888 bem
891 1859 1161 1891 circumambiat.
1188 1860 1303 1890 Barth.

842 1912 861 1939 ⁶2
896 1909 996 1940 Trans
1030 1909 1126 1940 Indos
1162 1909 1355 1949 Eurumque]
1401 1910 1505 1942 Ovid.

800 1961 808 1976 ‘
827 1959 936 1989 Eurus
975 1958 1017 1988 ad
1049 1958 1216 1989 Auroram
1247 1958 1504 2000 Nabatliaeaque

800 2018 905 2048 regna
921 2007 1085 2038 recessit!
1110 2008 1208 2039 Idem.

843 2062 860 2089 3
886 2058 1098 2098 Sollicitatur]
1118 2059 1293 2098 Tangitur,
1308 2059 1426 2100 quovis
1436 2069 1506 2092 mo·

801 2109 843 2141 do
861 2108 1054 2148 attingitur,
1070 2111 1234 2139 tentatur.

849 2159 983 2190 Verbera
995 2158 1108 2198 sentit]
1131 2159 1223 2189 Scita
1238 2157 1343 2190 fictio.
1372 2159 1503 2191 Verbe-

802 2217 867 2248 rat,
896 2210 1055 2251 quican’.
1085 2210 1189 2241 etiam
1208 2210 1364 2250 jucunde
1381 2211 1505 2252 tangit,

802 2260 973 2300 praecipue
990 2270 1064 2291 cum
1081 2259 1218 2300 flagello
1233 2266 1292 2292 aut
1314 2260 1432 2292 ferulae
1449 2270 1503 2292 res

801 2311 1025 2341 adsimilatur.
1049 2312 1167 2341 Barth.

842 2364 861 2392 4
887 2361 1028 2392 Humida
1045 2362 1177 2402 summi]
1210 2363 1403 2394 Oiselianus
1426 2361 1504 2393 viri·

801 2415 852 2450 da,
869 2414 901 2444 id
920 2419 983 2453 est,
998 2415 1099 2446 uvida.
1121 2416 1166 2447 D.
1185 2415 1303 2447 Heius.

848 2465 923 2495 Cum
934 2465 1043 2495 limina
1057 2467 1164 2507 curru]
1201 2465 1401 2498 Prodeunte
1416 2463 1502 2496 Solis

803 2516 975 2556 quadriga.
1008 2517 1124 2547 Barth.

845 2570 862 2596 5
892 2567 981 2598 Unde
997 2567 1082 2597 rubet
1100 2570 1227 2598 ventura
1239 2566 1320 2606 dies]
1353 2566 1504 2596 Flamma

800 2617 958 2648 nimirum
976 2627 1051 2648 rore
1069 2628 1128 2647 suo
1151 2622 1211 2647 ant
1235 2616 1345 2647 noctis
1367 2615 1501 2645 abactae

801 2672 920 2708 pasta:
945 2669 1056 2700 oriens
1072 2668 1130 2699 Sol
1156 2667 1268 2708 ardet,
1297 2674 1433 2698 currens
1451 2672 1502 2695 ra·
