1859 3148
320 161 431 202 1660

362 266 421 294 311
448 264 630 304 Stipantar]
653 263 1018 303 1)ensantur‚0pplen-

321 317 386 344 tur.
421 314 536 345 Barth.

363 364 527 404 Stipantar
547 366 679 395 Ταινίαι-ιι
695 363 800 401 cursu]
826 364 945 393 Soecnla
962 363 1019 394 ΑΙ-

321 413 382 445 dus
399 420 434 445 et
449 416 599 454 plerique
614 414 742 452 scripti.
768 413 892 443 Glossa
907 415 1019 444 Oxou.

320 464 329 479 ‘
347 466 482 503 secema,
500 465 623 494 animas
640 464 786 493 omnium
806 464 1018 494 smeulorum'

320 514 586 555 interpretatur;
604 519 754 544 oti-ecte.
775 514 1018 546 Statius'l'lieb.

321 573 370 596 xi.
399 565 550 594 similiter
582 565 624 592 ‹le
662 562 802 594 inferis:
845 567 853 580 ⁴
875 569 1018 595 §rescat

319 623 413 654 opus,
442 614 585 652 totisque
616 618 800 651 expectent
829 615 952 644 sarcula
977 615 1016 644 ri-

319 663 393 702 pis.'
439 663 564 692 Noster
579 662 636 691 lib.
655 671 695 691 11.
723 663 754 692 iu
783 662 893 694 Rul'm.
912 664 1017 693 ‘Huc

320 715 395 750 post
410 712 583 741 emeritam
602 712 756 741 mortalia
777 713 900 741 saw-ula
919 713 1018 743 vitam

319 760 536 791 Deveuiuut.’
579 762 697 791 Cicero
729 762 863 792 Somnio
890 763 1019 801 Scipio-

318 810 391 840 nis:
418 812 426 827 ‘
446 811 508 841 Ille
531 821 607 841 vere,
626 816 760 841 vertens
778 822 882 842 auuus
904 814 1019 852 appel-

317 860 377 890 lari
395 865 522 900 potest,
549 861 580 891 in
608 872 670 902 quo
689 863 744 891 vix
771 863 885 892 dicere
911 862 1018 893 audeo

319 920 418 950 quam
432 912 537 941 multa
557 913 682 941 sarcula
699 911 864 941 homiuum
884 916 1017 941 tenean-

319 959 397 990 tur!
442 961 524 990 Mox
544 961 673 990 Ta‘nara
699 971 757 1000 pro
783 961 916 991 Tartara
934 961 1018 991 bene

318 1019 393 1041 cum
411 1012 546 1051 scriptis
565 1011 824 1050 RaphelcugiuS.
850 1012 893 1041 Ι).
909 1013 1018 1042 Heius.

360 1062 422 1090 313
448 1061 563 1090 Passus
591 1061 774 1100 mollescere]
799 1062 879 1091 Sese
905 1062 1018 1092 videli-

319 1113 386 1140 cet.
424 1110 538 1140 Barth.

360 1163 422 1190 314
447 1161 678 1201 Dissimilisque
694 1160 756 1199 sai]
784 1161 867 1191 Erat
891 1162 1017 1201 quippe

319 1210 466 1251 alioquin
484 1222 622 1241 severus
640 1216 796 1251 aspectu,
814 1216 909 1241 torva
930 1211 1018 1242 fron-

319 1268 365 1293 te.
403 1263 498 1293 Idem.

361 1314 420 1341 315
455 1312 604 1349 Assurgit
643 1312 848 1351 Phlegethon]
898 1312 1018 1342 Assur-

319 1370 398 1400 gere
416 1364 465 1390 est
482 1361 606 1390 bonore
624 1360 757 1391 afficere
773 1371 780 1390 :
809 1361 897 1401 apud
925 1363 1018 1393 Plut.

319 1411 351 1440 iu
392 1409 568 1449 Pompeio,
609 1410 702 1450 Sylla
738 1410 769 1440 ei
811 1412 1018 1451 assurgebat.

317 1463 412 1491 Serv.
439 1461 471 1490 iu
500 1470 537 1491 11.
555 1461 682 1499 Georg.
701 1462 709 1478 ‘
727 1463 874 1501 assurgit
898 1463 1018 1503 quibus

319 1515 353 1540 et
384 1520 443 1540 rex
469 1511 542 1550 ipse
568 1511 761 1542 Phanaeus?
811 1513 902 1543 suet.
931 1513 1017 1552 Aug.

318 1568 346 1589 c.
363 1561 414 1589 56.
452 1560 570 1590 Tiber.
589 1570 617 1591 c.
635 1564 687 1592 31.
726 1562 816 1592 Geu.
840 1563 859 1592 l.
879 1572 927 1593 vx.
947 1573 975 1594 c.
988 1567 1017 1594 9.

317 1609 431 1640 Valet.
458 1611 478 1641 l.
501 1619 557 1640 111.
584 1621 613 1641 c.
637 1614 667 1641 7.
695 1612 736 1641 de
763 1612 869 1643 Accio
898 1614 1016 1645 Poeta.

317 1658 445 1690 Auson.
462 1661 525 1699 Ep.
545 1669 593 1691 w.
611 1661 619 1676 ‘
635 1660 792 1699 Assurgit
814 1663 921 1693 Musae
947 1674 1018 1693 nos-

318 1714 370 1739 tra
387 1710 546 1740 Camoeua
564 1710 652 1741 ιιι-αν]
690 1711 816 1742 Noster
834 1713 875 1743 de
893 1714 1017 1746 laudib.

316 1758 524 1797 Stilichonis,
549 1761 606 1790 lib.
634 1770 691 1791 111.
717 1762 823 1801 princ.
851 1764 859 1779 ‘
879 1764 1017 1804 visoque

317 1818 494 1849 assurgere
511 1820 645 1850 semper
662 1811 833 1841 Pulvere.'
859 1813 1002 1852 Dempst.

359 1860 421 1889 316
446 1860 563 1890 fluunt
584 1861 740 1899 incendia]
764 1861 849 1899 Igne
874 1871 1017 1902 namque

315 1907 421 1938 fluere
436 1909 525 1939 hunc
547 1915 731 1941 torrentem
755 1911 912 1951 Stygium
930 1911 1018 1943 fece-

316 1964 395 1990 runt
415 1960 541 1991 Po'etae.
576 1962 692 1992 Barth.

358 2011 419 2039 317
447 2012 618 2040 Occurrant
634 2011 774 2051 properi]
799 2011 876 2043 Non
889 2022 1019 2052 propere

315 2058 402 2089 libri.
438 2059 482 2090 D.
501 2060 612 2090 Heius.

357 2109 453 2139 Lecta
475 2111 511 2139 de
537 2110 638 2149 plebe]
664 2111 753 2141 Huic
782 2110 892 2143 officio
916 2113 1018 2143 desti-

317 2164 408 2190 nata.
445 2159 562 2189 Barth.

358 2211 420 2239 320
443 2209 552 2239 Auloea
585 2210 704 2249 tenent]
751 2210 803 2241 Ad
833 2212 1015 2243 ornandam

316 2258 443 2298 regiam
468 2259 665 2298 nuptialem,
687 2261 774 2300 quod
798 2261 902 2292 fiebat
927 2262 1016 2293 intus

317 2313 352 2339 et
381 2307 481 2339 foris:
522 2309 696 2348 publicum
736 2314 904 2349 praeterea
937 2322 1015 2350 gau-

315 2357 421 2397 dium,
444 2357 485 2388 ad
515 2358 624 2398 qualia
654 2358 725 2388 haee
753 2360 1014 2398 usurpabautur.

316 2407 416 2438 Idem.

358 2460 418 2487 321
437 2457 574 2495 Limina,
598 2460 625 2487 et
644 2458 676 2487 in
692 2457 875 2496 thalamum]
904 2458 1015 2498 Vulgo

315 2507 470 2538 thalamis.
489 2517 555 2538 sec.
578 2508 689 2538 Vatic.
708 2509 857 2538 thalamos
872 2517 937 2539 nou
950 2518 1015 2540 ma-

316 2559 359 2589 le.
393 2559 436 2589 D.
455 2558 566 2588 Heius.

359 2608 399 2638 In
437 2608 582 2639 thalamis
622 2607 732 2646 vestes]
784 2608 830 2638 Et
862 2607 914 2639 hic
945 2617 1015 2639 mos

317 2656 488 2696 nuptialis
522 2657 619 2687 Idem.

360 2710 422 2740 323
449 2708 618 2750 Teneroquc
643 2709 743 2741 levant
773 2717 907 2739 sermone
929 2709 1016 2740 timo·

521 171 660 202 NOTAE
693 170 961 201 VARIORUM

997 170 1048 200 IN
1083 171 1155 202 CL.
1188 172 1371 203 CLAUD.
1406 172 1568 203 XXXV.

1068 265 1148 305 rem]
1179 266 1234 297 Sic
1261 267 1386 297 Moreti
1416 267 1524 297 liber:
1554 265 1652 306 prim.
1676 265 1770 296 Vati-

1068 326 1170 346 eauus
1188 326 1263 347 cum
1281 318 1353 347 aliis
1372 318 1541 357 plerisque
1557 320 1659 347 tenero
1680 317 1772 347 timo-

1070 376 1134 396 res:
1170 369 1319 398 nonnulli
1349 379 1422 397 cum
1452 368 1620 407 Isiugrino
1650 371 1770 398 teneros

1069 415 1201 447 timores.
1247 419 1357 455 vulgo
1394 422 1512 448 teneros
1546 418 1673 448 dolores.
1718 417 1770 448 Ex

1070 466 1132 496 illis
1156 468 1255 498 statii
1284 468 1354 498 lure
1385 468 1583 498 adumbrata
1605 466 1712 497 Theb.
1730 475 1771 498 11.

1070 518 1078 531 ‘
1098 517 1210 547 Castae
1243 523 1368 548 matres
1397 518 1533 547 cinxere
1559 525 1681 547 (torona
1708 515 1772 546 Ar·

1069 565 1218 603 gulidcs:
1246 576 1322 605 pars
1348 567 1533 603 virginibus
1559 566 1686 595 circum
1712 574 1771 595 un-

1069 615 1168 655 dique
1191 615 1264 645 fusa
1294 617 1436 646 hedera
1465 616 1647 645 conciliant
1675 625 1773 655 nova,

1070 665 1288 704 solanturque
1307 664 1482 695 timorem.’
1511 664 1611 693 Ovid.
1630 664 1717 694 Met.
1736 672 1773 693 x.

1069 715 1077 730 ‘
1098 714 1236 753 Accipit
1253 714 1408 744 obscaeuo
1427 713 1562 751 genitor
1586 722 1646 742 sua
1666 712 1773 743 visce-

1070 774 1107 794 ra
1133 765 1233 802 lecto,
1258 764 1503 803 Virgiueosque
1533 767 1641 793 metus
1666 763 1771 802 levat,

1069 815 1291 854 hortaturque
1320 813 1520 844 timentem.y
1564 813 1692 844 Noster
1722 822 1774 843 sn-

1071 874 1142 903 pra,
1170 869 1205 894 ut
1237 864 1325 894 idem
1356 864 1483 894 Moreti
1523 863 1652 894 codex:
1700 863 1774 894 ‘Et

1071 915 1205 954 placida
1233 918 1386 944 moestum
1412 915 1541 944 solatur
1568 923 1648 943 voce
1675 913 1774 944 timo-

1071 963 1166 994 rem.'
1191 964 1451 1003 Isiugriuiauum
1477 963 1557 993 illud
1580 967 1699 993 teneros
1720 964 1773 992 do-

1069 1014 1147 1043 tores
1163 1023 1230 1043 uon
1247 1013 1415 1052 displicet.
1461 1013 1541 1043 Pari
1560 1013 1658 1043 modo
1681 1012 1771 1052 apud

1068 1064 1213 1093 statium
1231 1063 1333 1093 hahes
1355 1063 1546 1094 Thebaidos
1564 1063 1711 1093 secundo
1729 1063 1772 1093 de

1071 1114 1256 1153 Polynice:
1318 1116 1326 1130 ‘
1357 1119 1578 1153 tenerumque
1621 1113 1772 1144 dolorem

1070 1164 1228 1202 Coujugis
1246 1164 1402 1202 amplexu
1421 1162 1571 1192 solatur!
1597 1164 1640 1193 D.
1660 1162 1774 1194 Heius.

1112 1215 1173 1242 324
1205 1212 1346 1242 saltibus
1370 1213 1488 1241 ‹aldant
1517 1212 1692 1252 Flammea]
1718 1213 1772 1244 Ne

1070 1271 1088 1291 a
1111 1271 1276 1301 quoquam
1305 1262 1398 1300 prius
1425 1266 1532 1301 nupta
1561 1262 1773 1303 conspicere-

1070 1316 1124 1340 tur
1141 1320 1239 1350 quzun
1267 1321 1285 1340 a
1310 1312 1442 1349 marito,
1463 1312 1574 1342 velato
1599 1313 1713 1352 capite
1731 1312 1773 1343 ad

1070 1369 1143 1390 eum
1162 1359 1360 1392 ducebatur.
1395 1362 1486 1392 Fasl.
1505 1371 1559 1392 111.
1582 1362 1590 1378 ‘
1605 1361 1703 1393 Anna
1724 1367 1773 1393 te-

1070 1420 1151 1449 gens
1169 1411 1282 1441 vultus
1300 1416 1335 1442 ut
1350 1421 1437 1442 nova
1455 1417 1560 1452 uupta
1578 1416 1676 1443 suos!
1703 1412 1772 1444 Ve-

1070 1461 1178 1490 lamen
1201 1461 1263 1491 hoc
1284 1460 1488 1499 flammeum,
1512 1463 1664 1493 Martial.
1681 1463 1770 1494 libro

1070 1518 1119 1540 xi.
1145 1510 1208 1548 Ep.
1226 1512 1276 1539 79.
1301 1511 1358 1540 lib.
1382 1519 1446 1541 xu.
1472 1512 1601 1550 Bpffffl.
1632 1514 1772 1544 Sueton.

1073 1560 1198 1589 Neron.
1220 1570 1249 1590 c.
1268 1563 1320 1591 27.
1356 1560 1437 1591 lsid.
1465 1562 1486 1591 l.
1514 1570 1562 1592 ix.
1583 1565 1611 1593 S.
1647 1562 1772 1593 Catuli.

1070 1609 1217 1648 Epitlial.
1236 1612 1244 1626 ‘
1262 1611 1469 1640 Flammeum
1494 1611 1610 1641 videor
1635 1611 1773 1642 videre?

1069 1660 1194 1690 Noster
1212 1660 1362 1699 Epithal.
1380 1661 1544 1691 Houorii:
1570 1662 1578 1677 ‘
1596 1661 1671 1692 Jam
1696 1671 1773 1702 pro-

1068 1709 1153 1740 duut
1195 1710 1350 1740 lacrimas
1384 1709 1538 1741 flammea
1576 1710 1772 1751 simplices!

1068 1761 1217 1790 Geminis
1235 1760 1442 1799 01·uabatur;
1465 1761 1554 1791 idem
1576 1762 1618 1792 de
1646 1762 1771 1793 laudib.

1068 1809 1242 1839 Stilichon.
1275 1809 1404 1849 Paueg.
1431 1819 1456 1841 1.
1484 1811 1666 1850 ‘gravibus
1697 1812 1773 1842 sub-

1068 1864 1209 1890 nectens
1228 1859 1381 1891 flammea
1406 1862 1542 1901 gemmis
1558 1861 1578 1892 ·.'
1625 1862 1717 1893 color
1741 1862 1773 1893 ei

1068 1910 1198 1941 luteus:
1237 1911 1362 1941 Lucan.
1390 1911 1410 1942 l.
1432 1920 1471 1942 11.
1493 1912 1501 1928 ‘
1520 1912 1628 1942 Lutea
1653 1912 1774 1944 demis-

1068 1968 1120 1989 sos
1138 1959 1292 1990 velarunt
1308 1958 1461 1990 flammea
1477 1961 1589 1991 vultus
1605 1961 1623 1992 :’
1647 1971 1666 1991 a
1680 1962 1773 1992 lutea

1067 2010 1182 2048 herba,
1204 2021 1301 2051 quam
1320 2012 1432 2043 Graeci
1451 2013 1642 2053 Isatitiaem,
1660 2014 1772 2046 Latini

1069 2060 1215 2090 Glastam
1233 2067 1366 2093 vocant.
1391 2062 1481 2094 Plin.
1498 2063 1554 2094 lib.
1572 2072 1648 2095 xxi.
1665 2066 1695 2095 8.

1111 2114 1171 2141 325
1197 2112 1370 2152 Flammea]
1394 2113 1482 2144 Vide
1502 2115 1653 2146 Festum.
1684 2115 1772 2147 Vela-

1067 2163 1138 2190 tura
1169 2165 1281 2191 autem
1310 2161 1472 2201 pudorem
1504 2162 1587 2193 dicit
1630 2164 1770 2195 innuens

1067 2210 1212 2240 colorem
1229 2211 1327 2250 hujus
1346 2213 1424 2250 veli,
1446 2212 1501 2252 qui
1525 2217 1599 2243 erat
1616 2223 1771 2254 croceus,

1067 2269 1109 2289 ne
1131 2260 1240 2299 pudor
1263 2261 1295 2289 in
1312 2261 1406 2290 vultu
1425 2261 1546 2300 puellae
1570 2269 1771 2295 cerneretur

1068 2318 1137 2347 pra‘.
1156 2309 1225 2348 ejus
1241 2308 1432 2348 splendore.
1469 2310 1584 2342 Barth.

1110 2358 1327 2387 Pras-elatura
1351 2359 1513 2398 pudorem]
1549 2360 1772 2393 Proerellatnra

1067 2406 1121 2437 ed.
1152 2407 1262 2437 Vicet.
1298 2409 1517 2446 proerallatara
1553 2411 1703 2444 Florent.
1734 2413 1770 2444 S.

1068 2457 1176 2487 Marc.
1213 2457 1256 2486 D.
1275 2457 1384 2487 Heius.

1110 2510 1172 2536 328
1199 2508 1344 2537 Coronati
1375 2508 1501 2549 Manes]
1537 2510 1588 2540 Ex
1610 2510 1679 2541 ritu
1706 2512 1770 2543 Ro-

1067 2567 1178 2587 mano.
1225 2557 1364 2597 Nuptiis
1382 2558 1470 2588 euim
1497 2559 1695 2600 Principum
1717 2571 1771 2592 co-

1069 2617 1166 2637 ronas
1204 2607 1356 2638 sumebat
1391 2609 1546 2648 populus.
1603 2610 1770 2650 Zosimus,

1068 2657 1153 2687 libro
1183 2667 1215 2687 v.
1261 2658 1445 2689 Faciebant
1473 2659 1536 2690 hoc
1576 2659 1767 2693 indicanda:

1068 2707 1246 2739 hilaritatis
1275 2708 1398 2748 gratia,
1423 2718 1500 2740 cum
1528 2710 1701 2742 coronatio
1725 2710 1769 2742 sit
