1859 3148
349 136 463 177 1664

351 250 453 282 quum
467 242 558 272 taciti
575 239 695 271 melius
721 235 980 268 admirationem
997 245 1053 266 ex-

353 290 490 330 primat.
538 290 637 330 Apul.
650 289 792 319 Metam.
808 285 863 316 lib.
881 294 921 315 ιι.
946 287 954 302 ‘
971 286 1054 326 digi-

353 345 423 372 tum
433 351 451 371 a
464 338 783 381 polliceproximum
797 336 845 365 ori
859 335 1055 374 admovens,

350 395 386 421 et
403 391 434 421 in
450 396 623 430 stuporem
642 396 768 422 versum,
783 385 887 423 Tace,
907 390 992 424 tace,
1009 385 1055 415 in-

351 441 436 481 quit,
452 445 487 470 et
502 448 580 469 sane
597 436 811 467 taciturnitas
824 434 1054 465 admirationis

353 499 463 520 comes
481 488 554 518 est!
599 487 650 516 Ex
667 484 810 515 Aristot.
827 484 861 514 in
881 484 1053 515 Problem.

354 541 495 579 Dempst.

396 587 523 626 Sidera]
541 585 811 621 Claveriusleeit
823 586 962 623 numina,
980 596 1054 627 qum

353 647 413 678 per
425 636 663 667 excellentiam
677 637 724 666 sic
739 635 911 673 dicuutur,
924 641 959 666 ut
971 636 1056 666 Po'e-

352 693 386 717 ta
403 696 463 726 pro
481 686 640 717 Homero.
686 687 770 716 Sunt
787 686 876 716 enim
894 691 930 716 et
947 686 1055 716 Fauni

352 737 499 775 numina,
526 735 584 766 sed
602 736 738 775 rustica,
760 745 817 766 seu
846 736 941 775 plebs
966 736 1057 766 Deo-

352 797 432 819 rum.
460 787 585 818 Claver.

397 841 434 868 lS
460 837 591 876 Gravis]
615 835 841 875 Venerabilis,
867 836 974 876 qualis
992 845 1057 866 ma·

344 890 509 928 jestatem
547 887 664 918 habet.
725 887 849 916 Maro:
897 887 905 902 ‘
920 886 1057 916 Pietate

354 949 490 978 gravem
504 942 538 969 et
551 937 681 968 meritis
695 936 721 967 si
735 935 825 967 forte
840 936 945 966 virum
958 945 1056 976 quem

353 989 591 1029 Conspexere?

396 1038 486 1078 Alto]
512 1037 713 1069 1‘raesidium
730 1036 818 1067 enim
837 1035 958 1066 talibus
976 1035 1056 1065 acti-

353 1088 417 1118 bus
434 1087 532 1118 sedes
549 1087 686 1117 altiores
703 1086 850 1116 caeteris.
878 1085 992 1115 Barth.

398 1140 437 1167 19
463 1135 643 1175 Abduxere]
678 1136 763 1166 'Non⁴
787 1136 954 1166 Adduxere
981 1144 1055 1165 cum

351 1189 438 1218 aliiS.
463 1188 588 1218 Lucan.
607 1195 672 1216 vn.
704 1186 712 1201 ‘
732 1185 786 1215 Dii
804 1194 942 1225 quorum
958 1194 1055 1214 curas

354 1237 496 1267 abduxit
523 1235 566 1266 ab
602 1235 728 1265 aethere
766 1233 890 1263 tellus)
936 1233 1056 1263 Cicero

351 1287 531 1317 Tusculnn.
549 1286 680 1317 Quaest.
699 1283 756 1313 lib.
775 1291 824 1312 lv.
851 1283 858 1298 ‘
877 1282 934 1311 Sic
952 1281 1057 1321 igitur

353 1337 490 1368 adfecto
518 1337 590 1366 lime
617 1333 809 1364 adhibenda
835 1332 968 1362 curatio
994 1336 1056 1364 est.

353 1385 583 1417 Abducendus
615 1383 716 1414 etiam
745 1391 983 1423 nonnunquam
1014 1381 1056 1412 ad

354 1436 418 1466 alia
443 1434 568 1471 studia,
595 1431 854 1470 sollicitudines,
874 1441 985 1469 curas,
1003 1442 1057 1462 ne-

353 1483 466 1525 gotia.¹
527 1483 610 1514 Mox
651 1481 788 1512 stimulis
817 1491 878 1520 pro
917 1481 1057 1512 stimulos

349 1538 443 1566 recte
463 1539 597 1565 veteres
614 1532 704 1562 libri.
774 1555 781 1562 .
800 1531 912 1562 Heius.

394 1584 574 1623 Abdurere]
608 1582 648 1612 Id
666 1587 731 1619 est,
756 1581 785 1611 A
807 1581 896 1611 curis
914 1582 1057 1612 caelesti·

353 1635 415 1664 bus
452 1634 493 1664 ad
535 1632 692 1663 mortalia
727 1640 840 1661 rursus
872 1635 1057 1663 attraxere.

358 1685 448 1714 Clav.

394 1736 435 1764 20
453 1732 603 1763 Saturnia
622 1730 712 1771 Otia]
725 1731 792 1762 Sub
803 1731 948 1762 Saturno
961 1741 1056 1771 rege,

352 1782 489 1823 placido
506 1781 641 1812 fuerant
653 1786 791 1821 torpore
805 1782 927 1812 onmia.
942 1782 1056 1812 Barth.

394 1837 433 1864 21
463 1831 593 1871 Ignavi]
644 1832 737 1863 Nihil
769 1833 981 1863 inhonestum
1011 1832 1057 1863 in-

353 1883 422 1914 fert
439 1883 502 1913 ista
527 1892 605 1920 vox,
633 1881 691 1912 sed
720 1882 888 1921 placidum
914 1886 949 1912 et
973 1882 1005 1911 in
1023 1891 1057 1911 se

355 1936 549 1972 torpentem
579 1936 764 1970 torporem,
787 1932 856 1961 sive
875 1936 910 1962 tn
928 1932 1059 1971 quietem

352 1982 465 2013 dicere
482 1981 602 2019 mavis,
626 1986 793 2011 exsortem
821 1991 975 2012 curarum
993 1991 1059 2012 oin-

354 2033 445 2062 nium
463 2037 497 2062 et
515 2033 676 2063 moeroris.
714 2033 853 2072 Jupiter
868 2037 980 2063 autem
999 2032 1058 2062 ini-

360 2087 394 2113 to
412 2082 552 2121 imperio
575 2092 639 2112 non
667 2086 839 2113 amaverat
854 2082 934 2112 illud
953 2083 1058 2113 otium

363 2131 470 2173 patris
488 2132 638 2161 Saturni.

406 2180 547 2219 Senium]
586 2181 762 2211 placidam
787 2186 821 2211 et
848 2181 982 2212 minime
999 2181 1058 2212 im-

363 2235 536 2273 petuosam
555 2235 699 2260 atatem.
727 2231 838 2261 Barth.

402 2285 443 2312 22
467 2281 605 2321 Sopitas]
636 2282 792 2311 Somnum
824 2287 858 2313 et
886 2286 1057 2322 torporem

360 2337 396 2363 ut
427 2336 642 2367 excuterent,
667 2332 774 2361 coacti
801 2331 900 2362 rebus
928 2333 997 2362 suis
1024 2337 1059 2362 et

360 2383 462 2414 victui
481 2381 628 2422 parando
647 2382 833 2419 insifgilare.
861 2382 958 2411 Idem.

403 2436 443 2463 2-1
468 2432 564 2469 Sages
588 2433 802 2469 grandesceret
830 2431 928 2470 ari-is]
968 2432 1058 2462 I'lin.

360 2485 382 2514 l.
408 2492 513 2513 xviii.
551 2484 558 2498 ‘
579 2482 761 2512 Crescente
789 2481 865 2511 luna
891 2481 1058 2511 frumenta

361 2533 589 2574 grandescunt
604 2536 620 2562 :'
647 2532 723 2562 vide
747 2536 779 2561 et
810 2533 947 2561 Festum
965 2533 996 2561 in
1013 2542 1057 2561 sc-

360 2584 504 2615 mentinis
523 2583 630 2621 scriis,
677 2582 862 2612 Columella
890 2582 992 2612 etiam
1010 2582 1056 2612 sic

362 2633 578 2674 frequenter:
617 2631 736 2670 scripti
766 2636 876 2661 tamen
902 2631 955 2660 alii
983 2641 1057 2668 gra-

357 2686 487 2715 nesceret
505 2683 556 2714 vel
571 2685 762 2718 cancsccrct;
797 2687 832 2712 ut
849 2681 938 2722 apud
956 2681 1057 2714 Ovid.

542 145 685 176 NOTAE
720 142 985 174 VARlORUM
1022 143 1073 173 IN
1108 143 1180 174 CL.
1212 142 1392 172 CLAUD.
1425 141 1613 172 XXXVI.

1101 236 1111 252 ‘
1130 235 1204 266 Nec
1231 239 1412 264 renovatus
1441 242 1523 272 ager
1547 231 1691 273 gravidis
1707 241 1804 263 cane-

1104 285 1163 315 bat
1180 284 1315 315 aristis!
1342 284 1386 313 D.
1413 283 1524 313 Heius.

1146 338 1187 365 26
1214 333 1405 372 Fremerent]
1429 333 1513 363 Haec
1529 332 1610 362 satis
1626 330 1743 362 inflata
1758 332 1806 362 vi-

1104 384 1249 414 deantur
1266 385 1387 420 alicni3
1413 382 1471 413 sed
1490 382 1609 412 Poetae
1626 390 1691 412 non
1707 381 1805 412 deest

1104 435 1202 465 ratio.
1221 444 1318 474 supra
1341 434 1440 469 dixit,
1464 437 1580 463 tumere
1603 433 1700 468 vina;
1722 431 1806 472 figu-

1105 493 1172 514 ram
1190 484 1252 514 lmc
1267 494 1370 524 nsque
1390 484 1494 514 voluit
1514 483 1714 523 producere.
1739 483 1808 513 Ne-

1104 533 1314 573 quefluerent
1331 533 1373 563 ab
1390 543 1430 564 eo
1455 533 1618 572 scriptum
1635 532 1715 563 mihi
1732 532 1805 573 quis

1104 582 1204 613 facile
1226 583 1444 622 persuaserit.
1469 583 1589 612 clai-er.

1147 636 1189 663 28
1212 633 1272 662 Sed
1290 633 1368 672 quod
1384 633 1537 662 dissuasor
1552 631 1684 671 honesti]
1722 631 1805 666 Quid

1107 688 1201 712 recte
1219 692 1302 711 uuus
1321 681 1540 711 l’etavianus.
1565 680 1646 709 Mox
1662 689 1722 718 pro
1736 690 1807 719 pro-

1106 735 1189 762 vocet
1207 736 1253 769 ut,
1280 740 1374 761 meus
1398 729 1482 759 liber
1503 732 1567 759 aut.
1611 728 1700 759 Puto
1727 729 1808 759 hand

1106 791 1223 820 segnes.
1258 780 1430 819 Deinceps
1448 781 1537 818 atque
1553 781 1634 809 artes
1661 778 1807 809 Bononi-

1108 831 1207 862 ensis.
1235 831 1276 861 D.
1297 830 1408 860 Heius.

1149 884 1191 911 29
1218 878 1373 917 Oblimat]
1404 877 1546 916 Auen-it,
1562 877 1733 918 debilitat,
1749 878 1809 908 im-

1108 931 1216 970 pedit,
1248 933 1415 960 attenuat.
1453 928 1636 968 Virgilius:
1676 928 1808 958 ‘sulcos

1108 980 1247 1010 oblimat
1265 980 1412 1009 inertes.y
1454 978 1575 1009 Junius
1593 978 1807 1017 Pilargurus:

1107 1031 1115 1046 ‘
1134 1029 1285 1067 obturet,
1304 1034 1339 1059 et
1355 1027 1537 1059 occludat!
1568 1028 1679 1058 Barth.

1153 1083 1290 1113 Oblimat
1306 1082 1434 1121 mentes]
1460 1081 1499 1111 Id
1518 1086 1582 1118 est,
1598 1085 1808 1110 transversas

1108 1132 1195 1172 agit:
1232 1133 1284 1162 vel
1304 1131 1466 1171 deprimit
1489 1140 1548 1159 seu
1573 1128 1680 1168 affigit
1696 1129 1809 1160 humo.

1106 1182 1294 1212 Sublimare
1309 1186 1359 1211 est
1373 1179 1578 1211 contrarium
1588 1179 1706 1209 Ennio.
1722 1179 1808 1209 Clar.

1150 1233 1190 1261 30
1217 1231 1332 1260 Rerum
1354 1229 1434 1268 rias]
1469 1228 1590 1258 Modos
1607 1228 1810 1268 aggrediun-

1108 1280 1225 1310 darum
1243 1284 1276 1310 et
1293 1279 1594 1319 expediundarum.
1627 1278 1743 1308 Barth.

1150 1332 1188 1360 31
1216 1329 1383 1367 Ingeniosa
1413 1326 1547 1367 egestas]
1593 1327 1808 1358 Necessitate

1107 1380 1179 1421 ipsa
1193 1379 1333 1410 subacta
1350 1378 1390 1409 ad
1404 1377 1609 1408 invenienda
1624 1382 1659 1408 et
1674 1377 1810 1416 excogi-

1110 1431 1216 1462 tanda
1255 1430 1374 1471 quibus
1415 1438 1499 1470 opus
1536 1427 1662 1459 habeat
1696 1427 1808 1459 homo.

1108 1482 1206 1512 Idem.

1150 1535 1190 1562 32
1217 1531 1349 1562 Nutu-iat
1378 1528 1462 1568 usus]
1499 1527 1682 1566 Virgilius:
1720 1527 1729 1543 ‘
1758 1526 1808 1557 Ut

1108 1582 1218 1612 varias
1250 1589 1328 1611 usus
1367 1577 1560 1609 meditando
1604 1576 1809 1607 extunderet

1108 1630 1224 1662 artes)
1250 1631 1350 1660 Idem.

1151 1684 1191 1711 33
1218 1678 1358 1718 Natura]
1381 1676 1545 1708 Monitrix
1560 1675 1667 1715 Jovis,
1684 1680 1717 1706 et
1733 1676 1807 1716 ejus

1109 1732 1249 1763 consilia
1264 1729 1451 1760 facessens.
1478 1727 1578 1757 Idem.

1152 1784 1191 1812 34
1218 1780 1396 1811 Humanum
1425 1778 1559 1808 relevare
1585 1774 1698 1815 genus]
1734 1775 1809 1806 Me-

1109 1831 1172 1861 lius
1189 1830 1277 1860 absit
1297 1834 1387 1860 totus
1405 1829 1458 1858 liic
1476 1836 1600 1857 νει-5ης.
1627 1827 1720 1857 Idem.

1159 1881 1332 1910 Humanum
1361 1880 1497 1909 relevare
1521 1876 1633 1916 genus]
1680 1876 1808 1907 Nescio

1111 1931 1190 1972 quid
1208 1931 1270 1961 sibi
1288 1930 1369 1960 velit
1396 1929 1446 1958 vir
1471 1927 1635 1965 eruditus,
1663 1927 1719 1967 qui
1735 1935 1810 1957 ver-

1110 1991 1181 2012 sum
1198 1982 1285 2012 huuc
1312 1978 1574 2020 expungendum
1603 1982 1730 2008 censet.
1764 1977 1810 2009 D.

1112 2032 1222 2062 Heius.

1153 2084 1194 2111 33
1221 2080 1378 2120 Nullisque
1408 2077 1566 2117 exornem]
1604 2077 1659 2109 Ita
1688 2076 1808 2117 scripti

1110 2130 1270 2171 potioreS.
1297 2131 1392 2160 Idem.

1153 2184 1194 2211 40
1220 2181 1323 2210 Mores
1344 2177 1494 2216 noret-cte]
1531 2177 1612 2208 Noti
1639 2176 1686 2206 illi
1714 2176 1808 2206 velut

1113 2230 1303 2271 proverbio.
1331 2228 1442 2258 Barth.

1152 2285 1193 2311 42
1224 2277 1487 2319 Ere.1·issecaput]
1525 2276 1734 2317 Sapientium
1761 2276 1808 2307 vi-

1111 2343 1222 2363 rorum
1251 2336 1497 2372 argumentum,
1521 2327 1725 2369 sequendam
1751 2328 1808 2358 ho-

1111 2382 1188 2412 miui
1206 2382 1326 2412 ciclum
1355 2379 1515 2411 intuentis
1540 2377 1661 2417 capitis
1689 2377 1809 2407 nobili-

1111 2436 1226 2469 tatem,
1252 2440 1325 2471 (Ῑιιῑῐἱ
1351 2429 1432 2459 niliil
1451 2432 1600 2457 moretur
1615 2426 1745 2456 scilicet
1757 2426 1808 2466 ja-

1109 2481 1256 2510 centium
1275 2489 1384 2509 rermn
1402 2478 1526 2514 sordes,
1543 2476 1601 2507 sed
1616 2476 1736 2507 coelnm
1752 2475 1808 2507 ad-

1110 2531 1241 2570 spirare
1259 2530 1387 2559 debent
1405 2533 1597 2567 cognatum.
1622 2527 1721 2557 Idem.

1162 2583 1201 2610 ⁴7
1240 2579 1391 2617 Chaonio]
1452 2579 1589 2618 Epirum
1631 2576 1807 2617 glandibus

1109 2630 1336 2661 abundantem
1355 2639 1414 2669 pro
1442 2629 1611 2670 quercetis
1635 2627 1806 2670 quibusvis

1108 2680 1226 2711 dicunt
1240 2678 1371 2711 I'o‘etae.
1397 2679 1496 2710 Idem.
