1859 3148
350 121 464 164 1694

351 225 539 256 Homerum
571 221 714 261 intelligi
745 219 934 252 contendit.
980 221 1049 253 Sed

352 283 429 304 cum
445 273 537 304 illum
550 277 664 303 noster
677 270 775 301 laude
790 270 926 302 Serenae
938 271 1050 312 Smyr·-

351 333 460 354 naenm
488 321 602 360 faciat,
628 329 689 350 cur
713 318 830 349 Chiam
856 319 912 350 hic
938 321 967 351 ei
993 331 1049 361 pa-

354 373 453 403 triam
471 372 619 409 assignet
635 377 700 398 non
719 367 828 398 video.
874 368 997 400 Posset
1014 374 1049 401 et

354 423 409 452 Coi
433 422 564 461 reponi,
588 423 623 449 ut
645 418 798 448 Philetas
818 418 1049 459 subimelliga-

351 478 424 503 tur:
441 472 550 501 Chium
568 468 792 507 Maeoniumque
807 471 906 499 votem
923 469 1048 500 Home-

351 518 617 559 rumappellavit
629 517 868 549 Constantinus
879 519 1048 549 Maximus

349 570 496 610 epistola
515 567 556 598 ad
585 568 625 598 P.
644 567 870 607 Optatianum
895 568 1049 608 Porphy-

347 622 454 651 rium:
480 620 488 634 ‘
504 618 538 648 Si
555 621 683 647 tantum
702 617 832 656 pondus
848 621 881 648 et
897 618 1049 657 gravitas

348 672 614 709 expectarentur
626 667 658 696 in
672 666 822 697 carmine
836 667 956 698 Graeco
971 673 1049 706 post

349 719 467 750 Chium
480 717 732 757 Maeoniumque
746 721 869 757 vatem,
882 722 916 747 et
926 717 1049 748 Latina

347 775 425 810 post
444 769 603 799 rusticum
619 767 842 797 Mantuanum
858 766 1050 808 eloquentia

347 817 550 850 vilesceret)
575 818 617 849 D.
635 817 748 847 Heius.

391 873 429 901 11
455 869 582 906 Audax,
607 871 661 898 aut
688 867 714 897 si
739 867 811 907 quid
832 867 969 907 penitus]
1007 867 1049 898 In

345 919 591 959 Manuscriptis
610 915 800 958 Cujacianis
816 916 903 948 fuit:
934 919 1050 948 Audax

348 974 396 1010 ut,
420 971 448 1001 si
474 969 548 1010 quid
569 972 656 999 vates
675 978 814 1007 peccasse
836 968 969 1008 ridetur,
993 971 1045 1007 δῖε.

347 1022 382 1053 Si
413 1027 522 1059 vates,
551 1021 662 1060 inquit
685 1019 754 1056 ille,
781 1029 879 1059 quem
911 1028 1046 1059 sequor,

348 1081 505 1112 peccasse
532 1072 679 1108 videtur,
711 1070 821 1100 audax
849 1074 886 1100 ut
911 1080 1045 1109 arguar,

347 1123 482 1153 minime
500 1121 751 1160 ingratitudinis
778 1120 939 1161 probrum
957 1119 1045 1150 subi-

348 1179 456 1204 turus.
481 1173 597 1203 Barth.

390 1223 516 1259 ,dudm-r,
541 1224 594 1251 aut
620 1221 645 1250 si
670 1221 743 1260 quid
766 1220 889 1259 penitus
909 1228 1047 1259 peccasse

345 1272 484 1310 videbor]
527 1270 568 1300 Τὸ
604 1269 730 1300 videbor
760 1268 1045 1308 Raplielengianae

347 1321 557 1360 conjecturae
574 1323 638 1357 est,
653 1318 741 1358 quod
758 1323 830 1357 opt.
849 1317 999 1348 Ambros.
1011 1321 1047 1348 et

347 1375 494 1411 quatuor
507 1368 562 1398 alii
576 1368 797 1404 confirinant;
822 1370 906 1397 utet
920 1366 1045 1399 Aldus:

345 1431 403 1451 sex
420 1430 495 1451 cum
513 1420 610 1459 prim.
625 1418 793 1449 Vaticano
808 1420 924 1457 audax,
950 1423 1004 1450 aut
1021 1419 1048 1449 si

345 1471 420 1511 quid
436 1473 539 1501 vates.-
560 1472 592 1499 ιιι
604 1468 713 1508 siquid
726 1478 768 1498 ex
780 1468 845 1498 Ms.
859 1468 1048 1507 Claverius,

344 1525 381 1551 et
398 1529 439 1550 ex
464 1519 663 1559 conjectura
685 1517 855 1555 Bardrius,
879 1517 1048 1557 quomodo

344 1576 380 1602 et
396 1569 501 1601 editio
514 1568 717 1599 Parmensis.
740 1567 809 1597 Pro
824 1567 948 1598 videbor
964 1578 1047 1599 unus

346 1620 463 1651 Ambr.
483 1619 622 1656 fatebor.
662 1617 792 1648 Buslid.
817 1622 868 1648 out
885 1618 1047 1658 siquidem.

346 1670 503 1702 Bar-thius
527 1668 563 1698 τὸ
589 1668 712 1698 τίαν-θυι·
737 1673 855 1698 censet
880 1678 946 1698 non
973 1679 1046 1700 esse

344 1719 608 1757 sollicitandum,
634 1725 671 1749 ut
687 1718 728 1748 ad
748 1728 878 1748 versum
896 1720 1047 1758 superio-

344 1780 416 1801 rem
432 1770 474 1800 de
490 1773 560 1799 vale
575 1770 634 1798 (leo
650 1768 829 1799 referatur.
854 1769 896 1799 D.
915 1770 1025 1801 Heius.

391 1822 429 1850 14
462 1820 506 1850 Et
523 1819 625 1849 Lalia’
641 1817 745 1857 cessit]
779 1817 917 1848 Accessit
947 1819 1044 1860 prim.

343 1869 456 1902 Vatic.
471 1872 506 1900 et
521 1872 593 1911 opt.
611 1867 768 1902 Ambros.
790 1867 889 1900 Idem.

561 129 702 159 NOTAE
733 127 996 158 VARIORUM
1030 127 1080 159 IN
1115 128 1191 158 CL.
1223 128 1406 159 anUD.
1432 122 1587 159 ''anL

1147 227 1186 255 15
1213 224 1372 264 Affatilms
1387 223 1488 254 omnia
1510 223 1593 264 cepi]
1616 224 1643 254 A
1662 223 1802 262 fustibus

1102 274 1204 304 omina
1217 274 1282 313 cepi
1299 273 1390 304 felici
1404 273 1600 313 conjectura
1614 273 1802 314 Raplrelen-

1103 323 1187 363 gius.
1237 323 1344 354 Aldus
1360 333 1440 353 sane
1463 328 1497 353 et
1520 328 1664 363 quatuor
1679 323 1802 363 scripti

1103 373 1422 411 manifeste-fastibus
1437 383 1511 404 curn
1528 373 1624 413 prim.
1638 372 1750 404 Vatic.
1767 377 1804 405 et

1103 423 1283 461 Palatin03
1308 423 1349 454 de
1378 433 1443 463 qua
1461 433 1542 454 voce
1569 422 1648 452 alibi
1672 422 1802 454 dictum

1103 472 1255 504 anobis:
1280 479 1315 503 et
1343 474 1404 504 lioc
1429 474 1504 504 loco
1529 473 1692 503 videndus
1718 473 1803 504 Bar-

1104 521 1205 551 thius.
1258 522 1402 552 Lucens.
1431 528 1465 552 et
1497 532 1581 552 unus
1611 522 1804 563 Mediceus,

1094 570 1235 607 fascibus
1250 572 1361 602 omina.
1388 572 1491 602 Recte
1507 571 1652 602 Ovidius
1667 581 1691 602 1.
1711 573 1802 603 Fast.

1104 621 1112 636 ⁴
1133 620 1256 650 Omina
1272 621 1458 660 principiis,
1481 621 1600 661 inquit,
1626 623 1734 652 inesse
1752 632 1802 653 so-

1102 670 1197 701 lent!
1252 672 1350 702 Silius
1378 672 1434 701 lib.
1462 680 1485 702 r.
1518 674 1526 688 ⁴
1546 672 1668 701 Nonne
1696 672 1803 711 pudet

1104 721 1229 760 coepti?
1253 721 1360 760 pudet
1376 721 1514 751 ominis?
1537 730 1577 751 en
1593 721 1679 751 bona
1696 721 1803 753 virtus

1104 771 1341 811 Primitiaeque
1368 770 1464 801 ducis
1482 770 1503 801 :’
1528 771 1575 801 sic
1588 771 1676 801 enim
1694 780 1736 801 ex
1748 781 1801 802 ve·

1105 822 1242 852 terrima
1264 821 1413 853 editione
1438 820 1674 852 scribendum:
1701 821 1801 862 vulgo

1103 882 1217 902 omnes.
1241 872 1349 903 idem.

1149 925 1188 953 16
1227 922 1366 961 Fataque
1391 921 1502 952 debebo
1526 922 1697 962 posteriora
1726 922 1803 963 libi]

1104 972 1196 1002 Male
1213 977 1334 1003 contra
1356 972 1502 1011 scriptos
1525 972 1683 1002 meliores
1699 973 1803 1004 delebo

1103 1026 1180 1052 ante
1198 1021 1371 1061 legebatur
1389 1033 1396 1052 :
1420 1022 1479 1052 sed
1493 1021 1655 1061 scriptum
1671 1032 1689 1053 a
1702 1024 1804 1054 Clau-

1101 1073 1201 1102 diano
1216 1073 1288 1112 ipso
1305 1072 1472 1103 arbitror:
1498 1073 1636 1111 fataque
1651 1083 1681 1102 se
1694 1072 1803 1104 debent

1098 1123 1290 1162 prosperiora
1306 1122 1374 1152 tibi.
1419 1121 1460 1152 Τὸ
1474 1131 1505 1152 se
1517 1121 1693 1152 exciderat
1705 1122 1803 1153 omis-

1099 1182 1172 1202 sum
1187 1181 1205 1201 a
1217 1171 1342 1210 supinis
1353 1171 1499 1201 librariis
1510 1171 1552 1201 ob
1564 1172 1802 1210 cognationem

1099 1219 1326 1260 praecedentis
1345 1220 1496 1261 proxime
1513 1230 1551 1251 ac
1565 1220 1803 1261 subsequentis

1099 1269 1317 1309 syllabarum.
1363 1270 1446 1300 fata
1473 1271 1687 1311 prosperiora.-
1725 1271 1801 1303 vide

1101 1322 1198 1349 notas
1216 1319 1249 1349 in
1266 1318 1436 1359 Aponum,
1461 1323 1512 1352 9-1.
1542 1325 1576 1351 et
1601 1321 1690 1351 bello
1708 1320 1801 1353 Gild.

1103 1370 1177 1399 103.
1204 1369 1385 1400 Barthius:
1414 1369 1551 1410 Votoque
1571 1370 1681 1401 debebo
1700 1375 1803 1412 poste·

1102 1419 1186 1449 riora
1201 1419 1270 1450 tibi.
1294 1420 1403 1452 Idem.

1146 1471 1186 1498 18
1212 1469 1255 1498 Et
1277 1468 1516 1508 potm'afloreus
1535 1473 1629 1507 sor-tc,
1657 1470 1801 1511 Probine,

1102 1516 1183 1555 ναῖε]
1208 1517 1339 1557 Opinor
1348 1519 1580 1559 patriuflorens
1591 1524 1658 1551 arte
1671 1530 1689 1551 a
1703 1522 1802 1552 Clau-

1103 1566 1202 1597 diano
1220 1568 1375 1598 relictum
1393 1578 1475 1599 esse.
1521 1570 1609 1600 Nam
1633 1576 1668 1600 et
1685 1571 1804 1602 Probi·

1102 1627 1162 1647 nus
1175 1618 1310 1657 egregie
1323 1618 1477 1648 literatus
1489 1617 1564 1657 fuit,
1575 1624 1607 1649 et
1622 1618 1800 1652 facundus.

1102 1667 1205 1707 Apud
1223 1668 1392 1698 Nasonem
1408 1669 1601 1708 Penelope:
1627 1673 1634 1685 ‘
1651 1670 1710 1700 Est
1727 1669 1805 1710 tibi,

1103 1718 1214 1758 sitque
1241 1728 1374 1758 precor,
1399 1723 1520 1755 natus;
1557 1719 1613 1758 qni
1641 1719 1798 1750 mollibus

1101 1769 1195 1799 annis
1231 1769 1270 1799 In
1306 1768 1434 1808 patrias
1469 1773 1557 1799 artes
1594 1768 1798 1799 erudiendus

1100 1818 1197 1850 erat.’
1242 1819 1402 1849 B-artliius
1427 1818 1480 1849 hic
1507 1826 1541 1850 se
1568 1816 1698 1849 frustra
1722 1816 1799 1850 fati-

1098 1869 1201 1909 gavit.
1224 1868 1319 1900 Idem.

975 2095 1161 2137 XLIII.

670 2239 711 2278 5.
761 2237 833 2278 Ad
854 2236 1115 2279 Gennadium
1136 2251 1182 2277 ex
1207 2234 1466 2276 Proconsule.

379 2366 432 2400 Ad
449 2367 645 2398 Gennadium
663 2369 892 2409 Proconsulcm]
918 2370 1040 2409 IEaepro-

339 2419 490 2449 consulem
522 2419 697 2458 Gyrnldin.
721 2430 760 2449 cr
781 2420 955 2458 proconsule
978 2421 1040 2449 Lu-

342 2477 434 2498 cens.
451 2472 484 2498 et
512 2474 579 2498 trcs
604 2469 681 2506 nlii3
717 2469 817 2509 idque
838 2479 932 2499 rere:
959 2479 1038 2508 quio-

339 2519 439 2550 modo
456 2525 490 2550 et
505 2520 718 2559 Cujacianus.
759 2519 884 2550 Auson.
907 2522 915 2535 ⁴
932 2519 1039 2559 Hujus

338 2578 401 2609 ego
418 2575 451 2600 et
467 2575 581 2600 natum
606 2576 639 2599 et
661 2580 820 2609 generum
839 2580 878 2599 ex
898 2580 1038 2609 procon-

333 2618 410 2649 sule
425 2619 516 2650 vidi.¹
539 2620 684 2650 Rutilius
698 2620 754 2650 lib.
770 2629 791 2650 1.
809 2619 928 2651 Itiner.
946 2621 953 2635 ‘
971 2619 1038 2649 Rc-

337 2673 437 2702 xerat
453 2674 533 2702 ante
559 2680 643 2712 puer
670 2671 813 2712 populos
837 2670 1038 2712 proconsule

1095 2367 1251 2399 l’mnosz'
1277 2367 1325 2397 sic
1347 2376 1402 2406 pro
1430 2365 1527 2396 milite
1554 2364 1643 2406 apud
1667 2365 1794 2397 Sallus-

1095 2421 1189 2457 tium,
1212 2420 1339 2450 citantc
1365 2418 1481 2448 Servio
1506 2418 1547 2448 ad
1567 2420 1638 2449 157.
1654 2417 1734 2448 libri
1752 2425 1793 2449 11.

1095 2470 1227 2500 AEneid.
1259 2471 1361 2500 ‘Neu
1388 2469 1461 2508 quis
1486 2468 1593 2506 miles,
1619 2477 1704 2498 neve
1731 2477 1793 2508 pro

1095 2520 1222 2556 rnilite‚’
1238 2520 1300 2550 lioc
1318 2525 1381 2555 cst,
1400 2520 1507 2548 vicem
1533 2518 1647 2549 inilitis
1664 2526 1794 2557 gerens».

1096 2571 1136 2600 1).
1155 2569 1266 2599 Heius.

1138 2624 1151 2650 l
1181 2620 1348 2650 Rubiconis
1362 2619 1471 2650 amoeni
1488 2619 1607 2658 Incola]
1632 2617 1791 2649 Bai-thius

1092 2670 1215 2711 Accola,
1227 2681 1280 2702 me
1292 2680 1359 2702 non
1374 2670 1561 2702 obnitente.
1584 2669 1680 2701 Idem
1693 2677 1790 2700 versu
