<?xml version="1.0" encoding="UTF-8"?>
<!DOCTYPE html PUBLIC "-//W3C//DTD XHTML 1.0 Transitional//EN"
    "http://www.w3.org/TR/xhtml1/DTD/xhtml1-transitional.dtd">
<html xmlns="http://www.w3.org/1999/xhtml" xml:lang="en" lang="en">
 <head>
  <title>
</title>
<meta http-equiv="Content-Type" content="text/html;charset=utf-8" />
  <meta name='ocr-system' content='tesseract 3.04.00' />
  <meta name='ocr-capabilities' content='ocr_page ocr_carea ocr_par ocr_line ocrx_word'/>
</head>
<body>
  <div class='ocr_page' id='page_1' title='image "./operaomniaexedit04clauuoft_0288.png"; bbox 0 0 1859 3148; ppageno 0'>
   <div class='ocr_carea' id='block_1_1' title="bbox 326 117 1332 158">
    <p class='ocr_par' dir='ltr' id='par_1_1' title="bbox 326 117 1332 158">
     <span class='ocr_line' id='line_1_1' title="bbox 326 117 1332 158; baseline -0.003 -2"><span class='ocrx_word' id='word_1_1' title='bbox 326 117 437 158; x_wconf 82' lang='lat'>1756</span> <span class='ocrx_word' id='word_1_2' title='bbox 760 124 1015 154; x_wconf 71' lang='lat' dir='ltr'>RECENSUS</span> <span class='ocrx_word' id='word_1_3' title='bbox 1052 124 1332 154; x_wconf 70' lang='lat' dir='ltr'>Enrrlouuiu</span> 
     </span>
    </p>
   </div>
   <div class='ocr_carea' id='block_1_2' title="bbox 378 216 1797 2106">
    <p class='ocr_par' dir='ltr' id='par_1_2' title="bbox 378 216 1797 2106">
     <span class='ocr_line' id='line_1_2' title="bbox 378 216 1771 269; baseline -0.002 -12"><span class='ocrx_word' id='word_1_4' title='bbox 378 224 505 269; x_wconf 79' lang='lat' dir='ltr'>poeta,</span> <span class='ocrx_word' id='word_1_5' title='bbox 523 232 635 268; x_wconf 87' lang='lat' dir='ltr'>quem</span> <span class='ocrx_word' id='word_1_6' title='bbox 659 219 692 254; x_wconf 89' lang='lat' dir='ltr'>in</span> <span class='ocrx_word' id='word_1_7' title='bbox 712 216 850 253; x_wconf 80' lang='lat' dir='ltr'>osculis</span> <span class='ocrx_word' id='word_1_8' title='bbox 872 217 1050 262; x_wconf 80' lang='lat' dir='ltr'>habebat,</span> <span class='ocrx_word' id='word_1_9' title='bbox 1074 217 1308 254; x_wconf 77' lang='lat' dir='ltr'>convaluerit</span> <span class='ocrx_word' id='word_1_10' title='bbox 1334 216 1415 265; x_wconf 90' lang='lat' dir='ltr'>jam</span> <span class='ocrx_word' id='word_1_11' title='bbox 1441 216 1564 266; x_wconf 80' lang='lat' dir='ltr'>plane,</span> <span class='ocrx_word' id='word_1_12' title='bbox 1585 221 1653 254; x_wconf 83' lang='lat' dir='ltr'>aut</span> <span class='ocrx_word' id='word_1_13' title='bbox 1672 223 1771 254; x_wconf 82' lang='lat' dir='ltr'>certe</span> 
     </span>
     <span class='ocr_line' id='line_1_3' title="bbox 380 280 1774 331; baseline -0.002 -11"><span class='ocrx_word' id='word_1_14' title='bbox 380 284 499 320; x_wconf 82' lang='lat' dir='ltr'>multo</span> <span class='ocrx_word' id='word_1_15' title='bbox 521 284 640 319; x_wconf 77' lang='lat' dir='ltr'>minus</span> <span class='ocrx_word' id='word_1_16' title='bbox 661 293 759 329; x_wconf 71' lang='lat' dir='ltr'>:eger</span> <span class='ocrx_word' id='word_1_17' title='bbox 780 281 828 317; x_wconf 75' lang='lat' dir='ltr'>sit</span> <span class='ocrx_word' id='word_1_18' title='bbox 848 282 1056 330; x_wconf 76' lang='lat' dir='ltr'>praestitus.</span> <span class='ocrx_word' id='word_1_19' title='bbox 1091 288 1170 318; x_wconf 87' lang='lat' dir='ltr'>tum</span> <span class='ocrx_word' id='word_1_20' title='bbox 1202 295 1290 319; x_wconf 86' lang='lat' dir='ltr'>vero</span> <span class='ocrx_word' id='word_1_21' title='bbox 1322 282 1418 318; x_wconf 88' lang='lat' dir='ltr'>adeo</span> <span class='ocrx_word' id='word_1_22' title='bbox 1447 280 1565 331; x_wconf 81' lang='lat' dir='ltr'>gratia</span> <span class='ocrx_word' id='word_1_23' title='bbox 1587 281 1774 325; x_wconf 85' lang='lat' dir='ltr'>valebam,</span> 
     </span>
     <span class='ocr_line' id='line_1_4' title="bbox 381 344 1775 394; baseline -0.001 -11"><span class='ocrx_word' id='word_1_24' title='bbox 381 354 423 384; x_wconf 85' lang='lat' dir='ltr'>ut</span> <span class='ocrx_word' id='word_1_25' title='bbox 438 347 596 389; x_wconf 83' lang='lat' dir='ltr'>diceret,</span> <span class='ocrx_word' id='word_1_26' title='bbox 619 357 705 380; x_wconf 83' lang='lat' dir='ltr'>suos</span> <span class='ocrx_word' id='word_1_27' title='bbox 728 348 864 392; x_wconf 74' lang='lat' dir='ltr'>poetas</span> <span class='ocrx_word' id='word_1_28' title='bbox 886 344 976 380; x_wconf 83' lang='lat' dir='ltr'>milii</span> <span class='ocrx_word' id='word_1_29' title='bbox 998 345 1056 381; x_wconf 85' lang='lat' dir='ltr'>vel</span> <span class='ocrx_word' id='word_1_30' title='bbox 1079 346 1321 394; x_wconf 72' lang='lat' dir='ltr'>possessione</span> <span class='ocrx_word' id='word_1_31' title='bbox 1343 346 1398 381; x_wconf 88' lang='lat' dir='ltr'>vel</span> <span class='ocrx_word' id='word_1_32' title='bbox 1425 359 1492 382; x_wconf 93' lang='lat' dir='ltr'>usu</span> <span class='ocrx_word' id='word_1_33' title='bbox 1516 344 1619 381; x_wconf 66' lang='lat' dir='ltr'>brevi</span> <span class='ocrx_word' id='word_1_34' title='bbox 1642 345 1775 381; x_wconf 77' lang='lat' dir='ltr'>(latum</span> 
     </span>
     <span class='ocr_line' id='line_1_5' title="bbox 381 407 1775 458; baseline -0.002 -12"><span class='ocrx_word' id='word_1_35' title='bbox 381 411 437 448; x_wconf 86' lang='lat' dir='ltr'>iri.</span> <span class='ocrx_word' id='word_1_36' title='bbox 498 409 571 445; x_wconf 65' lang='lat' dir='ltr'>Sed</span> <span class='ocrx_word' id='word_1_37' title='bbox 606 420 679 442; x_wconf 84' lang='lat' dir='ltr'>non</span> <span class='ocrx_word' id='word_1_38' title='bbox 707 420 778 454; x_wconf 70' lang='lat' dir='ltr'>ego</span> <span class='ocrx_word' id='word_1_39' title='bbox 799 407 850 443; x_wconf 93' lang='lat' dir='ltr'>illi</span> <span class='ocrx_word' id='word_1_40' title='bbox 883 407 1038 445; x_wconf 86' lang='lat' dir='ltr'>nimium</span> <span class='ocrx_word' id='word_1_41' title='bbox 1060 408 1250 453; x_wconf 79' lang='lat' dir='ltr'>credulus,</span> <span class='ocrx_word' id='word_1_42' title='bbox 1271 409 1414 458; x_wconf 82' lang='lat' dir='ltr'>quippe</span> <span class='ocrx_word' id='word_1_43' title='bbox 1435 421 1612 445; x_wconf 78' lang='lat' dir='ltr'>noveram</span> <span class='ocrx_word' id='word_1_44' title='bbox 1635 408 1775 457; x_wconf 87' lang='lat' dir='ltr'>ipsum,</span> 
     </span>
     <span class='ocr_line' id='line_1_6' title="bbox 381 470 1780 522; baseline -0.001 -13"><span class='ocrx_word' id='word_1_45' title='bbox 381 486 440 509; x_wconf 89' lang='lat' dir='ltr'>me</span> <span class='ocrx_word' id='word_1_46' title='bbox 461 472 571 508; x_wconf 77' lang='lat' dir='ltr'>etiam</span> <span class='ocrx_word' id='word_1_47' title='bbox 595 471 628 506; x_wconf 90' lang='lat' dir='ltr'>id</span> <span class='ocrx_word' id='word_1_48' title='bbox 652 470 787 507; x_wconf 81' lang='lat' dir='ltr'>aetatis.</span> <span class='ocrx_word' id='word_1_49' title='bbox 844 471 896 508; x_wconf 90' lang='lat' dir='ltr'>Ut</span> <span class='ocrx_word' id='word_1_50' title='bbox 927 478 967 507; x_wconf 88' lang='lat' dir='ltr'>ut</span> <span class='ocrx_word' id='word_1_51' title='bbox 999 471 1057 515; x_wconf 74' lang='lat' dir='ltr'>sit,</span> <span class='ocrx_word' id='word_1_52' title='bbox 1091 472 1174 519; x_wconf 82' lang='lat' dir='ltr'>ejus</span> <span class='ocrx_word' id='word_1_53' title='bbox 1205 472 1438 519; x_wconf 65' lang='lat' dir='ltr'>benignitate</span> <span class='ocrx_word' id='word_1_54' title='bbox 1459 473 1517 509; x_wconf 83' lang='lat' dir='ltr'>vel</span> <span class='ocrx_word' id='word_1_55' title='bbox 1536 485 1665 522; x_wconf 88' lang='lat' dir='ltr'>opera,</span> <span class='ocrx_word' id='word_1_56' title='bbox 1686 483 1780 508; x_wconf 87' lang='lat' dir='ltr'>con-</span> 
     </span>
     <span class='ocr_line' id='line_1_7' title="bbox 382 534 1779 585; baseline -0.001 -13"><span class='ocrx_word' id='word_1_57' title='bbox 382 542 525 572; x_wconf 78' lang='lat' dir='ltr'>textum</span> <span class='ocrx_word' id='word_1_58' title='bbox 547 534 665 570; x_wconf 75' lang='lat' dir='ltr'>nostri</span> <span class='ocrx_word' id='word_1_59' title='bbox 685 534 851 571; x_wconf 77' lang='lat' dir='ltr'>auctoris</span> <span class='ocrx_word' id='word_1_60' title='bbox 885 534 919 570; x_wconf 91' lang='lat' dir='ltr'>in</span> <span class='ocrx_word' id='word_1_61' title='bbox 954 535 1137 572; x_wconf 89' lang='lat' dir='ltr'>mundum</span> <span class='ocrx_word' id='word_1_62' title='bbox 1170 535 1414 584; x_wconf 79' lang='lat' dir='ltr'><strong>redegimus:</strong></span> <span class='ocrx_word' id='word_1_63' title='bbox 1453 537 1507 573; x_wconf 77' lang='lat' dir='ltr'>usi</span> <span class='ocrx_word' id='word_1_64' title='bbox 1541 537 1696 585; x_wconf 89' lang='lat' dir='ltr'>insuper</span> <span class='ocrx_word' id='word_1_65' title='bbox 1716 547 1779 570; x_wconf 88' lang='lat' dir='ltr'>co-</span> 
     </span>
     <span class='ocr_line' id='line_1_8' title="bbox 380 597 1782 648; baseline -0.001 -13"><span class='ocrx_word' id='word_1_66' title='bbox 380 599 464 635; x_wconf 86' lang='lat' dir='ltr'>diee</span> <span class='ocrx_word' id='word_1_67' title='bbox 484 598 728 647; x_wconf 70' lang='lat' dir='ltr'>(irypliiano,</span> <span class='ocrx_word' id='word_1_68' title='bbox 749 597 784 634; x_wconf 88' lang='lat' dir='ltr'>in</span> <span class='ocrx_word' id='word_1_69' title='bbox 807 598 917 646; x_wconf 84' lang='lat' dir='ltr'>eujus</span> <span class='ocrx_word' id='word_1_70' title='bbox 936 611 1001 634; x_wconf 84' lang='lat' dir='ltr'>ora</span> <span class='ocrx_word' id='word_1_71' title='bbox 1021 598 1139 634; x_wconf 84' lang='lat' dir='ltr'>varias</span> <span class='ocrx_word' id='word_1_72' title='bbox 1161 598 1342 635; x_wconf 84' lang='lat' dir='ltr'>lectiones</span> <span class='ocrx_word' id='word_1_73' title='bbox 1359 599 1513 636; x_wconf 81' lang='lat' dir='ltr'>aliunde</span> <span class='ocrx_word' id='word_1_74' title='bbox 1529 604 1782 648; x_wconf 76' lang='lat' dir='ltr'>expresserat.</span> 
     </span>
     <span class='ocr_line' id='line_1_9' title="bbox 385 661 1782 712; baseline 0 -14"><span class='ocrx_word' id='word_1_75' title='bbox 385 664 433 699; x_wconf 62' lang='lat' dir='ltr'>At</span> <span class='ocrx_word' id='word_1_76' title='bbox 470 661 598 698; x_wconf 85' lang='lat' dir='ltr'>triduo</span> <span class='ocrx_word' id='word_1_77' title='bbox 637 668 725 711; x_wconf 88' lang='lat' dir='ltr'>post</span> <span class='ocrx_word' id='word_1_78' title='bbox 764 661 931 711; x_wconf 79' lang='lat' dir='ltr'>repetiit,</span> <span class='ocrx_word' id='word_1_79' title='bbox 970 661 1180 711; x_wconf 86' lang='lat' dir='ltr'>aliquando</span> <span class='ocrx_word' id='word_1_80' title='bbox 1215 662 1317 698; x_wconf 90' lang='lat' dir='ltr'>enim</span> <span class='ocrx_word' id='word_1_81' title='bbox 1355 662 1403 699; x_wconf 88' lang='lat' dir='ltr'>de</span> <span class='ocrx_word' id='word_1_82' title='bbox 1438 663 1512 698; x_wconf 80' lang='lat' dir='ltr'>suis</span> <span class='ocrx_word' id='word_1_83' title='bbox 1547 662 1681 712; x_wconf 64' lang='lat' dir='ltr'>vigiliis</span> <span class='ocrx_word' id='word_1_84' title='bbox 1699 669 1782 698; x_wconf 85' lang='lat' dir='ltr'>erat</span> 
     </span>
     <span class='ocr_line' id='line_1_10' title="bbox 384 724 1781 774; baseline -0.001 -12"><span class='ocrx_word' id='word_1_85' title='bbox 384 725 531 770; x_wconf 82' lang='lat' dir='ltr'>anxius,</span> <span class='ocrx_word' id='word_1_86' title='bbox 566 726 613 761; x_wconf 87' lang='lat' dir='ltr'>ad</span> <span class='ocrx_word' id='word_1_87' title='bbox 647 738 768 774; x_wconf 82' lang='lat' dir='ltr'>nsque</span> <span class='ocrx_word' id='word_1_88' title='bbox 805 725 979 761; x_wconf 81' lang='lat' dir='ltr'>umbram</span> <span class='ocrx_word' id='word_1_89' title='bbox 1010 724 1267 774; x_wconf 77' lang='lat' dir='ltr'>suspicionis:</span> <span class='ocrx_word' id='word_1_90' title='bbox 1307 725 1412 773; x_wconf 88' lang='lat' dir='ltr'>quod</span> <span class='ocrx_word' id='word_1_91' title='bbox 1447 725 1602 762; x_wconf 89' lang='lat' dir='ltr'>minime</span> <span class='ocrx_word' id='word_1_92' title='bbox 1622 724 1781 761; x_wconf 87' lang='lat' dir='ltr'>mirum:</span> 
     </span>
     <span class='ocr_line' id='line_1_11' title="bbox 385 787 1781 838; baseline -0.001 -13"><span class='ocrx_word' id='word_1_93' title='bbox 385 802 471 825; x_wconf 89' lang='lat' dir='ltr'>nam</span> <span class='ocrx_word' id='word_1_94' title='bbox 492 796 527 825; x_wconf 82' lang='lat' dir='ltr'>et</span> <span class='ocrx_word' id='word_1_95' title='bbox 550 789 585 825; x_wconf 92' lang='lat' dir='ltr'>in</span> <span class='ocrx_word' id='word_1_96' title='bbox 607 788 663 825; x_wconf 87' lang='lat' dir='ltr'>his</span> <span class='ocrx_word' id='word_1_97' title='bbox 684 788 882 825; x_wconf 86' lang='lat' dir='ltr'>amoribus</span> <span class='ocrx_word' id='word_1_98' title='bbox 904 801 1083 838; x_wconf 84' lang='lat' dir='ltr'>magnum</span> <span class='ocrx_word' id='word_1_99' title='bbox 1103 801 1204 837; x_wconf 76' lang='lat' dir='ltr'>saepe</span> <span class='ocrx_word' id='word_1_100' title='bbox 1226 802 1246 824; x_wconf 88' lang='lat' dir='ltr'>a</span> <span class='ocrx_word' id='word_1_101' title='bbox 1271 788 1377 825; x_wconf 84' lang='lat' dir='ltr'>rivali</span> <span class='ocrx_word' id='word_1_102' title='bbox 1407 788 1535 838; x_wconf 81' lang='lat' dir='ltr'>aliquo</span> <span class='ocrx_word' id='word_1_103' title='bbox 1557 787 1781 838; x_wconf 86' lang='lat' dir='ltr'>periculum.</span> 
     </span>
     <span class='ocr_line' id='line_1_12' title="bbox 387 851 1786 903; baseline -0.001 -15"><span class='ocrx_word' id='word_1_104' title='bbox 387 853 520 903; x_wconf 83' lang='lat' dir='ltr'>ltaque</span> <span class='ocrx_word' id='word_1_105' title='bbox 541 859 628 889; x_wconf 85' lang='lat' dir='ltr'>ante</span> <span class='ocrx_word' id='word_1_106' title='bbox 649 853 827 897; x_wconf 80' lang='lat' dir='ltr'>lustrum,</span> <span class='ocrx_word' id='word_1_107' title='bbox 849 858 915 889; x_wconf 84' lang='lat' dir='ltr'>aut</span> <span class='ocrx_word' id='word_1_108' title='bbox 936 853 1024 901; x_wconf 87' lang='lat' dir='ltr'>plns</span> <span class='ocrx_word' id='word_1_109' title='bbox 1046 865 1105 896; x_wconf 90' lang='lat' dir='ltr'>eo,</span> <span class='ocrx_word' id='word_1_110' title='bbox 1130 859 1171 888; x_wconf 88' lang='lat' dir='ltr'>ut</span> <span class='ocrx_word' id='word_1_111' title='bbox 1192 852 1329 889; x_wconf 68' lang='lat' dir='ltr'>rescivi</span> <span class='ocrx_word' id='word_1_112' title='bbox 1363 851 1527 888; x_wconf 89' lang='lat' dir='ltr'>eundem</span> <span class='ocrx_word' id='word_1_113' title='bbox 1548 852 1683 888; x_wconf 86' lang='lat' dir='ltr'>librum</span> <span class='ocrx_word' id='word_1_114' title='bbox 1706 864 1786 889; x_wconf 82' lang='lat' dir='ltr'>esse</span> 
     </span>
     <span class='ocr_line' id='line_1_13' title="bbox 386 915 1782 965; baseline -0.001 -13"><span class='ocrx_word' id='word_1_115' title='bbox 386 917 422 953; x_wconf 90' lang='lat' dir='ltr'>in</span> <span class='ocrx_word' id='word_1_116' title='bbox 443 919 582 954; x_wconf 86' lang='lat' dir='ltr'>Museo</span> <span class='ocrx_word' id='word_1_117' title='bbox 604 918 648 953; x_wconf 83' lang='lat' dir='ltr'>V.</span> <span class='ocrx_word' id='word_1_118' title='bbox 672 917 716 953; x_wconf 93' lang='lat' dir='ltr'>C.</span> <span class='ocrx_word' id='word_1_119' title='bbox 740 916 790 953; x_wconf 88' lang='lat' dir='ltr'>H.</span> <span class='ocrx_word' id='word_1_120' title='bbox 814 916 991 953; x_wconf 83' lang='lat' dir='ltr'>Pieaultii</span> <span class='ocrx_word' id='word_1_121' title='bbox 1020 915 1220 965; x_wconf 79' lang='lat' dir='ltr'>splendide</span> <span class='ocrx_word' id='word_1_122' title='bbox 1240 916 1375 952; x_wconf 83' lang='lat' dir='ltr'>eruditi</span> <span class='ocrx_word' id='word_1_123' title='bbox 1403 922 1440 952; x_wconf 84' lang='lat' dir='ltr'>et</span> <span class='ocrx_word' id='word_1_124' title='bbox 1470 916 1645 953; x_wconf 71' lang='lat' dir='ltr'>faventiae</span> <span class='ocrx_word' id='word_1_125' title='bbox 1667 915 1782 964; x_wconf 89' lang='lat' dir='ltr'>pleni,</span> 
     </span>
     <span class='ocr_line' id='line_1_14' title="bbox 385 978 1786 1028; baseline -0.001 -12"><span class='ocrx_word' id='word_1_126' title='bbox 385 981 433 1017; x_wconf 76' lang='lat' dir='ltr'>ad</span> <span class='ocrx_word' id='word_1_127' title='bbox 456 994 541 1017; x_wconf 84' lang='lat' dir='ltr'>eum</span> <span class='ocrx_word' id='word_1_128' title='bbox 565 980 687 1016; x_wconf 82' lang='lat' dir='ltr'>volavi</span> <span class='ocrx_word' id='word_1_129' title='bbox 709 980 916 1024; x_wconf 83' lang='lat' dir='ltr'>curriculo,</span> <span class='ocrx_word' id='word_1_130' title='bbox 938 980 1015 1016; x_wconf 84' lang='lat' dir='ltr'>voti</span> <span class='ocrx_word' id='word_1_131' title='bbox 1038 979 1120 1023; x_wconf 89' lang='lat' dir='ltr'>mei,</span> <span class='ocrx_word' id='word_1_132' title='bbox 1152 986 1193 1016; x_wconf 87' lang='lat' dir='ltr'>ut</span> <span class='ocrx_word' id='word_1_133' title='bbox 1226 993 1355 1028; x_wconf 78' lang='lat' dir='ltr'>reapse</span> <span class='ocrx_word' id='word_1_134' title='bbox 1392 980 1530 1028; x_wconf 85' lang='lat' dir='ltr'>paruit,</span> <span class='ocrx_word' id='word_1_135' title='bbox 1552 992 1709 1028; x_wconf 84' lang='lat' dir='ltr'>compos</span> <span class='ocrx_word' id='word_1_136' title='bbox 1731 978 1786 1015; x_wconf 89' lang='lat' dir='ltr'>su-</span> 
     </span>
     <span class='ocr_line' id='line_1_15' title="bbox 388 1042 1786 1093; baseline -0.001 -14"><span class='ocrx_word' id='word_1_137' title='bbox 388 1051 506 1080; x_wconf 86' lang='lat' dir='ltr'>turns.</span> <span class='ocrx_word' id='word_1_138' title='bbox 565 1044 710 1080; x_wconf 72' lang='lat' dir='ltr'>Exinde</span> <span class='ocrx_word' id='word_1_139' title='bbox 734 1044 909 1093; x_wconf 79' lang='lat' dir='ltr'>profecto</span> <span class='ocrx_word' id='word_1_140' title='bbox 944 1044 1126 1093; x_wconf 80' lang='lat' dir='ltr'>pleraque</span> <span class='ocrx_word' id='word_1_141' title='bbox 1148 1043 1236 1079; x_wconf 89' lang='lat' dir='ltr'>olim</span> <span class='ocrx_word' id='word_1_142' title='bbox 1258 1043 1471 1079; x_wconf 78' lang='lat' dir='ltr'>festinando</span> <span class='ocrx_word' id='word_1_143' title='bbox 1496 1042 1688 1091; x_wconf 63' lang='lat' dir='ltr'>praeterita</span> <span class='ocrx_word' id='word_1_144' title='bbox 1710 1054 1786 1078; x_wconf 88' lang='lat' dir='ltr'>non</span> 
     </span>
     <span class='ocr_line' id='line_1_16' title="bbox 387 1105 1789 1157; baseline -0.001 -14"><span class='ocrx_word' id='word_1_145' title='bbox 387 1108 467 1144; x_wconf 88' lang='lat' dir='ltr'>sine</span> <span class='ocrx_word' id='word_1_146' title='bbox 488 1107 685 1157; x_wconf 84' lang='lat' dir='ltr'>voluptate</span> <span class='ocrx_word' id='word_1_147' title='bbox 708 1108 956 1157; x_wconf 71' lang='lat' dir='ltr'>collegi.—--l&#39;.</span> <span class='ocrx_word' id='word_1_148' title='bbox 984 1106 1280 1154; x_wconf 78' lang='lat' dir='ltr'>Gnosiijudicis</span> <span class='ocrx_word' id='word_1_149' title='bbox 1304 1106 1452 1155; x_wconf 86' lang='lat' dir='ltr'>optimi,</span> <span class='ocrx_word' id='word_1_150' title='bbox 1475 1119 1543 1141; x_wconf 87' lang='lat' dir='ltr'>nec</span> <span class='ocrx_word' id='word_1_151' title='bbox 1566 1105 1672 1153; x_wconf 80' lang='lat' dir='ltr'>parvi</span> <span class='ocrx_word' id='word_1_152' title='bbox 1694 1105 1789 1141; x_wconf 83' lang='lat' dir='ltr'>inter</span> 
     </span>
     <span class='ocr_line' id='line_1_17' title="bbox 381 1168 1790 1217; baseline -0.001 -11"><span class='ocrx_word' id='word_1_153' title='bbox 381 1170 552 1207; x_wconf 85' lang='lat' dir='ltr'>literatos</span> <span class='ocrx_word' id='word_1_154' title='bbox 574 1171 749 1214; x_wconf 78' lang='lat' dir='ltr'>nominis,</span> <span class='ocrx_word' id='word_1_155' title='bbox 775 1171 940 1206; x_wconf 72' lang='lat' dir='ltr'>Schedia</span> <span class='ocrx_word' id='word_1_156' title='bbox 974 1177 1014 1205; x_wconf 85' lang='lat' dir='ltr'>ut</span> <span class='ocrx_word' id='word_1_157' title='bbox 1047 1169 1232 1216; x_wconf 83' lang='lat' dir='ltr'>placitum</span> <span class='ocrx_word' id='word_1_158' title='bbox 1254 1168 1421 1217; x_wconf 79' lang='lat' dir='ltr'>inspexi:</span> <span class='ocrx_word' id='word_1_159' title='bbox 1457 1182 1476 1204; x_wconf 90' lang='lat' dir='ltr'>e</span> <span class='ocrx_word' id='word_1_160' title='bbox 1498 1168 1639 1216; x_wconf 77' lang='lat' dir='ltr'>quibus</span> <span class='ocrx_word' id='word_1_161' title='bbox 1660 1174 1790 1205; x_wconf 84' lang='lat' dir='ltr'>aucta-</span> 
     </span>
     <span class='ocr_line' id='line_1_18' title="bbox 389 1231 1788 1281; baseline 0 -13"><span class='ocrx_word' id='word_1_162' title='bbox 389 1234 483 1269; x_wconf 83' lang='lat' dir='ltr'>rium</span> <span class='ocrx_word' id='word_1_163' title='bbox 518 1234 608 1269; x_wconf 73' lang='lat' dir='ltr'>satis</span> <span class='ocrx_word' id='word_1_164' title='bbox 635 1234 807 1281; x_wconf 82' lang='lat' dir='ltr'>amplum</span> <span class='ocrx_word' id='word_1_165' title='bbox 839 1238 1110 1281; x_wconf 63' lang='lat' dir='ltr'>repraesentare</span> <span class='ocrx_word' id='word_1_166' title='bbox 1145 1232 1440 1280; x_wconf 82' lang='lat' dir='ltr'>potui—omnes</span> <span class='ocrx_word' id='word_1_167' title='bbox 1469 1232 1582 1268; x_wconf 84' lang='lat' dir='ltr'>etiam</span> <span class='ocrx_word' id='word_1_168' title='bbox 1603 1231 1788 1268; x_wconf 79' lang='lat' dir='ltr'>editiones</span> 
     </span>
     <span class='ocr_line' id='line_1_19' title="bbox 388 1295 1791 1344; baseline 0.001 -13"><span class='ocrx_word' id='word_1_169' title='bbox 388 1296 463 1332; x_wconf 80' lang='lat' dir='ltr'>sere</span> <span class='ocrx_word' id='word_1_170' title='bbox 485 1295 754 1340; x_wconf 72' lang='lat' dir='ltr'>delibavimus,</span> <span class='ocrx_word' id='word_1_171' title='bbox 779 1308 848 1332; x_wconf 85' lang='lat' dir='ltr'>nec</span> <span class='ocrx_word' id='word_1_172' title='bbox 870 1296 946 1331; x_wconf 84' lang='lat' dir='ltr'>ulla</span> <span class='ocrx_word' id='word_1_173' title='bbox 967 1295 1052 1332; x_wconf 82' lang='lat' dir='ltr'>freti</span> <span class='ocrx_word' id='word_1_174' title='bbox 1074 1295 1325 1344; x_wconf 75' lang='lat' dir='ltr'>conjectura.⁷</span> <span class='ocrx_word' id='word_1_175' title='bbox 1382 1297 1440 1333; x_wconf 90' lang='lat' dir='ltr'>De</span> <span class='ocrx_word' id='word_1_176' title='bbox 1462 1296 1532 1332; x_wconf 81' lang='lat' dir='ltr'>liae</span> <span class='ocrx_word' id='word_1_177' title='bbox 1553 1296 1722 1333; x_wconf 83' lang='lat' dir='ltr'>editione</span> <span class='ocrx_word' id='word_1_178' title='bbox 1738 1296 1791 1332; x_wconf 85' lang='lat' dir='ltr'>ita</span> 
     </span>
     <span class='ocr_line' id='line_1_20' title="bbox 390 1357 1792 1408; baseline 0.001 -13"><span class='ocrx_word' id='word_1_179' title='bbox 390 1360 504 1407; x_wconf 83' lang='lat' dir='ltr'>Casp.</span> <span class='ocrx_word' id='word_1_180' title='bbox 542 1358 727 1395; x_wconf 72' lang='lat' dir='ltr'>Bartliius·</span> <span class='ocrx_word' id='word_1_181' title='bbox 757 1358 792 1394; x_wconf 88' lang='lat' dir='ltr'>in</span> <span class='ocrx_word' id='word_1_182' title='bbox 829 1357 1051 1407; x_wconf 70' lang='lat' dir='ltr'>praefatione</span> <span class='ocrx_word' id='word_1_183' title='bbox 1073 1359 1256 1396; x_wconf 75' lang='lat' dir='ltr'>secundae</span> <span class='ocrx_word' id='word_1_184' title='bbox 1288 1373 1392 1398; x_wconf 68' lang='lat' dir='ltr'>sum:</span> <span class='ocrx_word' id='word_1_185' title='bbox 1435 1364 1443 1379; x_wconf 90' lang='lat'>‘</span> <span class='ocrx_word' id='word_1_186' title='bbox 1467 1359 1634 1396; x_wconf 78' lang='lat' dir='ltr'>Laudem</span> <span class='ocrx_word' id='word_1_187' title='bbox 1658 1359 1792 1408; x_wconf 81' lang='lat' dir='ltr'>praeci-</span> 
     </span>
     <span class='ocr_line' id='line_1_21' title="bbox 389 1422 1792 1472; baseline 0.001 -15"><span class='ocrx_word' id='word_1_188' title='bbox 389 1434 502 1470; x_wconf 83' lang='lat' dir='ltr'>puam</span> <span class='ocrx_word' id='word_1_189' title='bbox 536 1428 715 1467; x_wconf 81' lang='lat' dir='ltr'>meretur,</span> <span class='ocrx_word' id='word_1_190' title='bbox 747 1436 833 1472; x_wconf 76' lang='lat' dir='ltr'>qum</span> <span class='ocrx_word' id='word_1_191' title='bbox 868 1436 913 1458; x_wconf 70' lang='lat' dir='ltr'>ex</span> <span class='ocrx_word' id='word_1_192' title='bbox 946 1422 1164 1470; x_wconf 81' lang='lat' dir='ltr'>Cujacianis</span> <span class='ocrx_word' id='word_1_193' title='bbox 1197 1423 1302 1459; x_wconf 84' lang='lat' dir='ltr'>libris</span> <span class='ocrx_word' id='word_1_194' title='bbox 1337 1430 1375 1459; x_wconf 84' lang='lat' dir='ltr'>et</span> <span class='ocrx_word' id='word_1_195' title='bbox 1406 1423 1735 1459; x_wconf 65' lang='lat' dir='ltr'>observationibus</span> <span class='ocrx_word' id='word_1_196' title='bbox 1769 1435 1792 1458; x_wconf 81' lang='lat' dir='ltr'>a</span> 
     </span>
     <span class='ocr_line' id='line_1_22' title="bbox 389 1485 1791 1536; baseline -0.001 -14"><span class='ocrx_word' id='word_1_197' title='bbox 389 1486 583 1535; x_wconf 70' lang='lat' dir='ltr'>Stephano</span> <span class='ocrx_word' id='word_1_198' title='bbox 607 1486 783 1523; x_wconf 81' lang='lat' dir='ltr'>Claverio</span> <span class='ocrx_word' id='word_1_199' title='bbox 803 1486 951 1523; x_wconf 83' lang='lat' dir='ltr'>Parisiis</span> <span class='ocrx_word' id='word_1_200' title='bbox 974 1486 1075 1523; x_wconf 87' lang='lat' dir='ltr'>edita</span> <span class='ocrx_word' id='word_1_201' title='bbox 1092 1486 1127 1522; x_wconf 91' lang='lat' dir='ltr'>in</span> <span class='ocrx_word' id='word_1_202' title='bbox 1146 1487 1235 1523; x_wconf 82' lang='lat' dir='ltr'>satis</span> <span class='ocrx_word' id='word_1_203' title='bbox 1251 1487 1378 1536; x_wconf 84' lang='lat' dir='ltr'>ampla</span> <span class='ocrx_word' id='word_1_204' title='bbox 1394 1493 1431 1523; x_wconf 86' lang='lat' dir='ltr'>et</span> <span class='ocrx_word' id='word_1_205' title='bbox 1445 1485 1658 1535; x_wconf 74' lang='lat' dir='ltr'>splendida,</span> <span class='ocrx_word' id='word_1_206' title='bbox 1675 1485 1791 1535; x_wconf 81' lang='lat' dir='ltr'>paulo</span> 
     </span>
     <span class='ocr_line' id='line_1_23' title="bbox 391 1550 1792 1598; baseline -0.001 -12"><span class='ocrx_word' id='word_1_207' title='bbox 391 1556 478 1598; x_wconf 87' lang='lat' dir='ltr'>post</span> <span class='ocrx_word' id='word_1_208' title='bbox 497 1563 515 1585; x_wconf 88' lang='lat' dir='ltr'>a</span> <span class='ocrx_word' id='word_1_209' title='bbox 539 1550 733 1597; x_wconf 77' lang='lat' dir='ltr'>Scaligero</span> <span class='ocrx_word' id='word_1_210' title='bbox 756 1550 792 1586; x_wconf 90' lang='lat' dir='ltr'>in</span> <span class='ocrx_word' id='word_1_211' title='bbox 817 1550 1103 1587; x_wconf 73' lang='lat' dir='ltr'>minutissimam</span> <span class='ocrx_word' id='word_1_212' title='bbox 1124 1551 1301 1594; x_wconf 73' lang='lat' dir='ltr'>tonnam,</span> <span class='ocrx_word' id='word_1_213' title='bbox 1337 1550 1418 1586; x_wconf 88' lang='lat' dir='ltr'>solo</span> <span class='ocrx_word' id='word_1_214' title='bbox 1451 1557 1596 1595; x_wconf 82' lang='lat' dir='ltr'>tamen,</span> <span class='ocrx_word' id='word_1_215' title='bbox 1618 1556 1657 1585; x_wconf 86' lang='lat' dir='ltr'>ut</span> <span class='ocrx_word' id='word_1_216' title='bbox 1679 1562 1792 1585; x_wconf 84' lang='lat' dir='ltr'>voea-</span> 
     </span>
     <span class='ocr_line' id='line_1_24' title="bbox 391 1612 1790 1661; baseline 0.001 -13"><span class='ocrx_word' id='word_1_217' title='bbox 391 1625 486 1657; x_wconf 82' lang='lat' dir='ltr'>muS‚</span> <span class='ocrx_word' id='word_1_218' title='bbox 506 1619 627 1657; x_wconf 81' lang='lat' dir='ltr'>textu,</span> <span class='ocrx_word' id='word_1_219' title='bbox 650 1613 818 1657; x_wconf 87' lang='lat' dir='ltr'>redacta,</span> <span class='ocrx_word' id='word_1_220' title='bbox 841 1620 879 1650; x_wconf 88' lang='lat' dir='ltr'>et</span> <span class='ocrx_word' id='word_1_221' title='bbox 899 1627 919 1649; x_wconf 89' lang='lat' dir='ltr'>a</span> <span class='ocrx_word' id='word_1_222' title='bbox 939 1613 1189 1650; x_wconf 82' lang='lat' dir='ltr'>Plantinianis</span> <span class='ocrx_word' id='word_1_223' title='bbox 1209 1619 1267 1650; x_wconf 87' lang='lat' dir='ltr'>est</span> <span class='ocrx_word' id='word_1_224' title='bbox 1288 1612 1428 1661; x_wconf 63' lang='lat' dir='ltr'>saepius</span> <span class='ocrx_word' id='word_1_225' title='bbox 1445 1625 1593 1648; x_wconf 84' lang='lat' dir='ltr'>recusa.</span> <span class='ocrx_word' id='word_1_226' title='bbox 1647 1612 1790 1649; x_wconf 79' lang='lat' dir='ltr'>Totam</span> 
     </span>
     <span class='ocr_line' id='line_1_25' title="bbox 392 1676 1793 1726; baseline -0.001 -13"><span class='ocrx_word' id='word_1_227' title='bbox 392 1676 490 1713; x_wconf 79' lang='lat' dir='ltr'>lianc</span> <span class='ocrx_word' id='word_1_228' title='bbox 510 1676 788 1726; x_wconf 75' lang='lat' dir='ltr'>corrigendam,</span> <span class='ocrx_word' id='word_1_229' title='bbox 811 1677 1068 1726; x_wconf 80' lang='lat' dir='ltr'>probandam,</span> <span class='ocrx_word' id='word_1_230' title='bbox 1091 1677 1448 1721; x_wconf 73' lang='lat' dir='ltr'>exaniinandam‚in</span> <span class='ocrx_word' id='word_1_231' title='bbox 1465 1683 1596 1712; x_wconf 76' lang='lat' dir='ltr'>nostra</span> <span class='ocrx_word' id='word_1_232' title='bbox 1616 1676 1687 1712; x_wconf 80' lang='lat' dir='ltr'>liae</span> <span class='ocrx_word' id='word_1_233' title='bbox 1704 1689 1793 1726; x_wconf 86' lang='lat' dir='ltr'>pro-</span> 
     </span>
     <span class='ocr_line' id='line_1_26' title="bbox 390 1740 1794 1790; baseline 0.001 -15"><span class='ocrx_word' id='word_1_234' title='bbox 390 1740 622 1789; x_wconf 80' lang='lat' dir='ltr'>mulgatione</span> <span class='ocrx_word' id='word_1_235' title='bbox 653 1741 928 1790; x_wconf 83' lang='lat' dir='ltr'>reponendam,</span> <span class='ocrx_word' id='word_1_236' title='bbox 963 1742 1169 1779; x_wconf 69' lang='lat' dir='ltr'>duximus.y</span> <span class='ocrx_word' id='word_1_237' title='bbox 1220 1744 1417 1779; x_wconf 58' lang='lat' dir='ltr'>Ges-uerus</span> <span class='ocrx_word' id='word_1_238' title='bbox 1451 1740 1582 1780; x_wconf 86' lang='lat' dir='ltr'>addit:</span> <span class='ocrx_word' id='word_1_239' title='bbox 1627 1741 1694 1777; x_wconf 84' lang='lat' dir='ltr'>Est</span> <span class='ocrx_word' id='word_1_240' title='bbox 1728 1741 1794 1790; x_wconf 91' lang='lat' dir='ltr'>qui</span> 
     </span>
     <span class='ocr_line' id='line_1_27' title="bbox 393 1803 1795 1854; baseline 0.001 -15"><span class='ocrx_word' id='word_1_241' title='bbox 393 1803 626 1840; x_wconf 76' lang='lat' dir='ltr'>Claverianae</span> <span class='ocrx_word' id='word_1_242' title='bbox 649 1804 736 1841; x_wconf 86' lang='lat' dir='ltr'>huic</span> <span class='ocrx_word' id='word_1_243' title='bbox 757 1804 916 1842; x_wconf 83' lang='lat' dir='ltr'>editioni</span> <span class='ocrx_word' id='word_1_244' title='bbox 945 1804 1140 1854; x_wconf 81' lang='lat' dir='ltr'>adjectum</span> <span class='ocrx_word' id='word_1_245' title='bbox 1173 1806 1286 1842; x_wconf 86' lang='lat' dir='ltr'>etiam</span> <span class='ocrx_word' id='word_1_246' title='bbox 1316 1811 1497 1842; x_wconf 87' lang='lat' dir='ltr'>memoret</span> <span class='ocrx_word' id='word_1_247' title='bbox 1517 1806 1579 1842; x_wconf 86' lang='lat' dir='ltr'>Jo.</span> <span class='ocrx_word' id='word_1_248' title='bbox 1600 1804 1795 1841; x_wconf 82' lang='lat' dir='ltr'>Tornoru-</span> 
     </span>
     <span class='ocr_line' id='line_1_28' title="bbox 394 1867 1795 1916; baseline 0.002 -13"><span class='ocrx_word' id='word_1_249' title='bbox 394 1867 467 1916; x_wconf 83' lang='lat' dir='ltr'>paei</span> <span class='ocrx_word' id='word_1_250' title='bbox 489 1869 817 1905; x_wconf 70' lang='lat' dir='ltr'>Commentariun}</span> <span class='ocrx_word' id='word_1_251' title='bbox 839 1869 887 1905; x_wconf 84' lang='lat' dir='ltr'>ad</span> <span class='ocrx_word' id='word_1_252' title='bbox 909 1882 1063 1906; x_wconf 75' lang='lat' dir='ltr'>carmen</span> <span class='ocrx_word' id='word_1_253' title='bbox 1086 1869 1134 1905; x_wconf 84' lang='lat' dir='ltr'>de</span> <span class='ocrx_word' id='word_1_254' title='bbox 1169 1877 1293 1906; x_wconf 79' lang='lat' dir='ltr'>111.et</span> <span class='ocrx_word' id='word_1_255' title='bbox 1317 1880 1376 1906; x_wconf 66' lang='lat' dir='ltr'>lv.</span> <span class='ocrx_word' id='word_1_256' title='bbox 1397 1869 1599 1905; x_wconf 81' lang='lat' dir='ltr'>consulatu</span> <span class='ocrx_word' id='word_1_257' title='bbox 1620 1868 1795 1906; x_wconf 88' lang='lat' dir='ltr'>Honorii.</span> 
     </span>
     <span class='ocr_line' id='line_1_29' title="bbox 394 1930 1797 1982; baseline 0.003 -16"><span class='ocrx_word' id='word_1_258' title='bbox 394 1930 435 1966; x_wconf 93' lang='lat' dir='ltr'>ln</span> <span class='ocrx_word' id='word_1_259' title='bbox 456 1938 584 1968; x_wconf 85' lang='lat' dir='ltr'>nostro</span> <span class='ocrx_word' id='word_1_260' title='bbox 605 1932 761 1981; x_wconf 85' lang='lat' dir='ltr'>quidem</span> <span class='ocrx_word' id='word_1_261' title='bbox 783 1934 960 1982; x_wconf 86' lang='lat' dir='ltr'>exemplo</span> <span class='ocrx_word' id='word_1_262' title='bbox 983 1933 1125 1969; x_wconf 90' lang='lat' dir='ltr'>nullum</span> <span class='ocrx_word' id='word_1_263' title='bbox 1148 1934 1231 1982; x_wconf 86' lang='lat' dir='ltr'>ejus</span> <span class='ocrx_word' id='word_1_264' title='bbox 1245 1933 1297 1970; x_wconf 87' lang='lat' dir='ltr'>rei</span> <span class='ocrx_word' id='word_1_265' title='bbox 1315 1933 1512 1981; x_wconf 78' lang='lat' dir='ltr'>vestigium</span> <span class='ocrx_word' id='word_1_266' title='bbox 1533 1932 1797 1982; x_wconf 86' lang='lat' dir='ltr'>deprehende-</span> 
     </span>
     <span class='ocr_line' id='line_1_30' title="bbox 396 1994 1796 2046; baseline 0.003 -17"><span class='ocrx_word' id='word_1_267' title='bbox 396 1994 494 2030; x_wconf 84' lang='lat' dir='ltr'>bam.</span> <span class='ocrx_word' id='word_1_268' title='bbox 549 1996 693 2032; x_wconf 87' lang='lat' dir='ltr'>Floruit</span> <span class='ocrx_word' id='word_1_269' title='bbox 713 2004 840 2033; x_wconf 87' lang='lat' dir='ltr'>autem</span> <span class='ocrx_word' id='word_1_270' title='bbox 861 2011 906 2033; x_wconf 88' lang='lat' dir='ltr'>eo</span> <span class='ocrx_word' id='word_1_271' title='bbox 928 2004 1100 2046; x_wconf 86' lang='lat' dir='ltr'>tempore</span> <span class='ocrx_word' id='word_1_272' title='bbox 1121 2004 1157 2034; x_wconf 87' lang='lat' dir='ltr'>et</span> <span class='ocrx_word' id='word_1_273' title='bbox 1179 1998 1213 2033; x_wconf 95' lang='lat' dir='ltr'>in</span> <span class='ocrx_word' id='word_1_274' title='bbox 1237 1997 1407 2034; x_wconf 79' lang='lat' dir='ltr'>Persium</span> <span class='ocrx_word' id='word_1_275' title='bbox 1430 2003 1538 2033; x_wconf 85' lang='lat' dir='ltr'>notas</span> <span class='ocrx_word' id='word_1_276' title='bbox 1565 1996 1684 2033; x_wconf 91' lang='lat' dir='ltr'>edidit</span> <span class='ocrx_word' id='word_1_277' title='bbox 1699 1996 1796 2033; x_wconf 82' lang='lat' dir='ltr'>Tor-</span> 
     </span>
     <span class='ocr_line' id='line_1_31' title="bbox 395 2059 949 2106; baseline 0.009 -13"><span class='ocrx_word' id='word_1_278' title='bbox 395 2070 600 2106; x_wconf 77' lang='lat' dir='ltr'>norupaeus</span> <span class='ocrx_word' id='word_1_279' title='bbox 631 2059 748 2095; x_wconf 83' lang='lat' dir='ltr'>Paris.</span> <span class='ocrx_word' id='word_1_280' title='bbox 778 2059 888 2097; x_wconf 75' lang='lat'><strong>1601.</strong></span> <span class='ocrx_word' id='word_1_281' title='bbox 911 2067 949 2098; x_wconf 64' lang='lat'>4.</span> 
     </span>
    </p>
   </div>
   <div class='ocr_carea' id='block_1_3' title="bbox 341 2120 1794 2222">
    <p class='ocr_par' dir='ltr' id='par_1_3' title="bbox 341 2120 1794 2222">
     <span class='ocr_line' id='line_1_32' title="bbox 341 2120 1794 2173; baseline 0.004 -18"><span class='ocrx_word' id='word_1_282' title='bbox 341 2142 392 2147; x_wconf 90' lang='lat'>——-</span> <span class='ocrx_word' id='word_1_283' title='bbox 413 2120 663 2167; x_wconf 78' lang='lat' dir='ltr'>plantiniana,</span> <span class='ocrx_word' id='word_1_284' title='bbox 686 2123 885 2160; x_wconf 83' lang='lat' dir='ltr'>l’nlmanni</span> <span class='ocrx_word' id='word_1_285' title='bbox 924 2136 981 2162; x_wconf 67' lang='grc' dir='ltr'>ιν.</span> <span class='ocrx_word' id='word_1_286' title='bbox 1017 2138 1052 2161; x_wconf 81' lang='lat' dir='ltr'>e.</span> <span class='ocrx_word' id='word_1_287' title='bbox 1088 2138 1124 2161; x_wconf 90' lang='lat' dir='ltr'>n.</span> <span class='ocrx_word' id='word_1_288' title='bbox 1161 2127 1218 2162; x_wconf 84' lang='lat' dir='ltr'>M.</span> <span class='ocrx_word' id='word_1_289' title='bbox 1251 2128 1299 2162; x_wconf 71' lang='lat' dir='ltr'>A.</span> <span class='ocrx_word' id='word_1_290' title='bbox 1337 2125 1479 2168; x_wconf 88' lang='lat' dir='ltr'>Delrio,</span> <span class='ocrx_word' id='word_1_291' title='bbox 1501 2136 1563 2173; x_wconf 84' lang='lat' dir='ltr'>ap.</span> <span class='ocrx_word' id='word_1_292' title='bbox 1586 2125 1794 2161; x_wconf 74' lang='lat' dir='ltr'>moretum.</span> 
     </span>
     <span class='ocr_line' id='line_1_33' title="bbox 396 2185 595 2222; baseline 0.015 -3"><span class='ocrx_word' id='word_1_293' title='bbox 396 2185 512 2220; x_wconf 80' lang='lat' dir='ltr'>Antv.</span> <span class='ocrx_word' id='word_1_294' title='bbox 537 2192 595 2222; x_wconf 70' lang='lat'>1⁴2.</span> 
     </span>
    </p>
   </div>
   <div class='ocr_carea' id='block_1_4' title="bbox 344 2244 1799 2617">
    <p class='ocr_par' dir='ltr' id='par_1_4' title="bbox 348 2244 1798 2364">
     <span class='ocr_line' id='line_1_34' title="bbox 348 2244 1798 2299; baseline 0.002 -16"><span class='ocrx_word' id='word_1_295' title='bbox 348 2244 446 2284; x_wconf 75' lang='lat'>1603</span> <span class='ocrx_word' id='word_1_296' title='bbox 470 2247 596 2295; x_wconf 82' lang='lat' dir='ltr'>Lugd.</span> <span class='ocrx_word' id='word_1_297' title='bbox 620 2254 655 2284; x_wconf 71' lang='lat'>4.</span> <span class='ocrx_word' id='word_1_298' title='bbox 690 2249 724 2284; x_wconf 89' lang='lat' dir='ltr'>in</span> <span class='ocrx_word' id='word_1_299' title='bbox 755 2251 926 2298; x_wconf 84' lang='lat' dir='ltr'>Corpore</span> <span class='ocrx_word' id='word_1_300' title='bbox 945 2252 1115 2288; x_wconf 86' lang='lat' dir='ltr'>omnium</span> <span class='ocrx_word' id='word_1_301' title='bbox 1150 2257 1320 2287; x_wconf 73' lang='lat' dir='ltr'>veterum</span> <span class='ocrx_word' id='word_1_302' title='bbox 1352 2255 1553 2299; x_wconf 72' lang='lat' dir='ltr'>poetarum</span> <span class='ocrx_word' id='word_1_303' title='bbox 1576 2250 1798 2287; x_wconf 87' lang='lat' dir='ltr'>Latinorum</span> 
     </span>
     <span class='ocr_line' id='line_1_35' title="bbox 395 2311 1183 2364; baseline 0.004 -18"><span class='ocrx_word' id='word_1_304' title='bbox 395 2311 605 2347; x_wconf 83' lang='lat' dir='ltr'>seeundum</span> <span class='ocrx_word' id='word_1_305' title='bbox 627 2313 759 2349; x_wconf 84' lang='lat' dir='ltr'>seriem</span> <span class='ocrx_word' id='word_1_306' title='bbox 783 2321 1013 2364; x_wconf 88' lang='lat' dir='ltr'>temporum,</span> <span class='ocrx_word' id='word_1_307' title='bbox 1038 2325 1085 2352; x_wconf 81' lang='grc' dir='ltr'>Η.</span> <span class='ocrx_word' id='word_1_308' title='bbox 1108 2315 1183 2350; x_wconf 86' lang='lat' dir='ltr'>vol.</span> 
     </span>
    </p>

    <p class='ocr_par' dir='ltr' id='par_1_5' title="bbox 344 2375 1168 2424">
     <span class='ocr_line' id='line_1_36' title="bbox 344 2375 1168 2424; baseline 0.005 -14"><span class='ocrx_word' id='word_1_309' title='bbox 344 2396 395 2401; x_wconf 90' lang='lat'>—</span> <span class='ocrx_word' id='word_1_310' title='bbox 416 2375 533 2411; x_wconf 86' lang='lat' dir='ltr'>Paris.</span> <span class='ocrx_word' id='word_1_311' title='bbox 557 2381 593 2412; x_wconf 75' lang='lat'>4.</span> <span class='ocrx_word' id='word_1_312' title='bbox 614 2389 675 2424; x_wconf 85' lang='lat' dir='ltr'>ap.</span> <span class='ocrx_word' id='word_1_313' title='bbox 702 2377 788 2413; x_wconf 66' lang='lat' dir='ltr'>Vid.</span> <span class='ocrx_word' id='word_1_314' title='bbox 812 2378 918 2415; x_wconf 79' lang='lat' dir='ltr'>(iuil.</span> <span class='ocrx_word' id='word_1_315' title='bbox 942 2378 1168 2415; x_wconf 83' lang='lat' dir='ltr'>Cliaudiere.</span> 
     </span>
    </p>

    <p class='ocr_par' dir='ltr' id='par_1_6' title="bbox 344 2438 1799 2617">
     <span class='ocr_line' id='line_1_37' title="bbox 344 2438 1798 2487; baseline 0.001 -13"><span class='ocrx_word' id='word_1_316' title='bbox 344 2460 395 2467; x_wconf 87' lang='lat'><strong>—</strong></span> <span class='ocrx_word' id='word_1_317' title='bbox 414 2438 666 2487; x_wconf 78' lang='lat' dir='ltr'>Raplielengii</span> <span class='ocrx_word' id='word_1_318' title='bbox 705 2451 732 2476; x_wconf 87' lang='lat'>1.</span> <span class='ocrx_word' id='word_1_319' title='bbox 765 2454 809 2476; x_wconf 75' lang='lat' dir='ltr'>ex</span> <span class='ocrx_word' id='word_1_320' title='bbox 832 2442 1024 2477; x_wconf 70' lang='lat' dir='ltr'>emendat.</span> <span class='ocrx_word' id='word_1_321' title='bbox 1048 2442 1213 2477; x_wconf 82' lang='lat' dir='ltr'>virorum</span> <span class='ocrx_word' id='word_1_322' title='bbox 1241 2440 1461 2484; x_wconf 82' lang='lat' dir='ltr'>doctorum,</span> <span class='ocrx_word' id='word_1_323' title='bbox 1483 2454 1528 2477; x_wconf 85' lang='lat' dir='ltr'>ex</span> <span class='ocrx_word' id='word_1_324' title='bbox 1551 2439 1651 2477; x_wconf 83' lang='lat' dir='ltr'>offic.</span> <span class='ocrx_word' id='word_1_325' title='bbox 1675 2439 1798 2477; x_wconf 79' lang='lat' dir='ltr'>Plant.</span> 
     </span>
     <span class='ocr_line' id='line_1_38' title="bbox 395 2501 1799 2552; baseline 0.002 -16"><span class='ocrx_word' id='word_1_326' title='bbox 395 2501 657 2550; x_wconf 75' lang='lat' dir='ltr'>Rapllelengii.</span> <span class='ocrx_word' id='word_1_327' title='bbox 679 2508 742 2540; x_wconf 63' lang='lat'>⁴24.</span> <span class='ocrx_word' id='word_1_328' title='bbox 757 2503 804 2540; x_wconf 89' lang='lat' dir='ltr'>de</span> <span class='ocrx_word' id='word_1_329' title='bbox 821 2518 894 2552; x_wconf 82' lang='lat' dir='ltr'>qua</span> <span class='ocrx_word' id='word_1_330' title='bbox 918 2504 1098 2541; x_wconf 68' lang='lat' dir='ltr'>Heinsius</span> <span class='ocrx_word' id='word_1_331' title='bbox 1117 2505 1151 2540; x_wconf 92' lang='lat' dir='ltr'>in</span> <span class='ocrx_word' id='word_1_332' title='bbox 1172 2503 1279 2552; x_wconf 76' lang='lat' dir='ltr'>praef.</span> <span class='ocrx_word' id='word_1_333' title='bbox 1317 2509 1325 2523; x_wconf 93' lang='lat'>‘</span> <span class='ocrx_word' id='word_1_334' title='bbox 1348 2503 1694 2552; x_wconf 75' lang='lat' dir='ltr'>Raplielengianam</span> <span class='ocrx_word' id='word_1_335' title='bbox 1717 2516 1799 2539; x_wconf 87' lang='lat' dir='ltr'>om·</span> 
     </span>
     <span class='ocr_line' id='line_1_39' title="bbox 399 2564 1798 2617; baseline 0.001 -17"><span class='ocrx_word' id='word_1_336' title='bbox 399 2564 501 2602; x_wconf 88' lang='lat' dir='ltr'>nium</span> <span class='ocrx_word' id='word_1_337' title='bbox 523 2572 618 2615; x_wconf 85' lang='lat' dir='ltr'>quot</span> <span class='ocrx_word' id='word_1_338' title='bbox 643 2565 718 2602; x_wconf 79' lang='lat' dir='ltr'>ridi</span> <span class='ocrx_word' id='word_1_339' title='bbox 750 2567 947 2616; x_wconf 74' lang='lat' dir='ltr'>optimam,</span> <span class='ocrx_word' id='word_1_340' title='bbox 979 2581 1093 2617; x_wconf 83' lang='lat' dir='ltr'>quam</span> <span class='ocrx_word' id='word_1_341' title='bbox 1121 2567 1353 2617; x_wconf 78' lang='lat' dir='ltr'>Scaligerum</span> <span class='ocrx_word' id='word_1_342' title='bbox 1382 2567 1619 2604; x_wconf 80' lang='lat' dir='ltr'>recensuisse</span> <span class='ocrx_word' id='word_1_343' title='bbox 1652 2566 1798 2609; x_wconf 87' lang='lat' dir='ltr'>volunt,</span> 
     </span>
    </p>
   </div>
  </div>
 </body>
</html>
