1763 3116
399 159 451 189 ΙΝ
489 158 540 188 11.
571 154 709 185 CONS·
740 147 1074 181 STILICHONIS.

17 260 102 288 trem
120 255 248 287 Patriae
266 255 462 287 Ciceronem
486 253 593 283 libera
615 249 712 280 dixit.

15 306 170 337 Miranda
185 306 329 336 felicitas
341 303 507 340 Barbare,
523 301 660 331 Patrem
677 303 712 329 et

16 357 195 387 Dominum
225 355 321 386 simul
349 354 574 384 Romanorum
603 351 712 391 perhi-

17 406 100 437 beri.
125 405 240 436 Barth.

59 459 120 487 190
145 456 233 490 Quod
247 454 304 485 tibi
315 453 470 483 continuis
485 452 641 492 resonant]
655 451 711 481 Sic

14 506 153 546 scripti:
177 514 275 544 quam
302 513 415 534 verum
441 502 620 533 lectionem
638 510 712 531 esse

7 557 79 598 jam
95 555 150 586 alii
167 556 338 586 viderunt.
366 554 411 584 D.
432 553 542 583 Heius.

57 607 214 637 Resonant
240 604 388 644 convexa]
432 604 557 634 Plausu
588 601 714 642 populi,

14 666 98 687 voce
114 656 311 687 Procerum.
340 655 458 686 Barth.

60 709 117 738 191
144 707 303 737 Marortiu
327 705 442 745 plebes]
474 703 623 742 Populus
653 703 715 732 Ro-

13 766 141 788 manus.
168 757 266 787 Idem.

59 810 120 838 192
143 807 246 838 Bruto
271 816 329 836 non
356 804 553 844 indignante]
588 804 716 844 Expul-

16 867 91 888 sore
107 857 356 897 Tyrannorum,
379 856 556 886 inductor-e
584 855 717 884 liberta-

15 909 60 940 tis
76 909 249 945 Romanm,
274 917 292 937 a
321 917 385 946 quo
414 907 634 937 Dominorum
660 914 717 934 no·

15 968 91 989 rnen
110 958 222 987 Roma·
240 955 438 986 inauditum.
468 956 561 985 Idem.

60 1013 119 1041 193
146 1010 276 1040 Terrore
302 1007 422 1046 coactu]
446 1006 579 1036 Subacta
607 1004 716 1035 Delrii

15 1061 88 1094 cod.
115 1070 199 1091 nnus
230 1059 386 1091 Ambros.
420 1062 454 1088 et
486 1057 609 1086 Petav.
642 1065 716 1085 cnm

15 1111 145 1143 duobus
163 1109 362 1141 Vaticanis:
388 1107 515 1138 dictum
544 1105 600 1136 lib.
619 1114 658 1135 11.
683 1104 716 1134 in

16 1160 126 1192 Rufin.
144 1163 216 1191 314.
248 1159 289 1190 D.
309 1158 419 1189 Heius.

59 1213 119 1241 195
149 1210 315 1241 Eoesultant
333 1207 432 1246 aridi]
457 1207 611 1236 Formam
627 1204 718 1235 Stili-

17 1260 132 1292 chonis
156 1259 382 1295 commendat,
414 1257 481 1287 tine
509 1255 718 1295 Nuptiarum

18 1311 172 1351 Honorii,
189 1315 224 1342 et
248 1308 478 1350 superioribus
504 1306 557 1336 liic
583 1305 719 1335 libellis.

19 1361 137 1392 Barth.

63 1414 124 1442 198
149 1409 290 1449 Circum]
316 1409 449 1440 Circum
475 1406 654 1436 maximum
678 1404 719 1434 ad

18 1461 216 1502 spectacula
233 1459 464 1495 venationum,
480 1466 650 1486 cursuum.

64 1511 190 1541 Trubeis
195 1507 403 1547 fulgentibus]
426 1506 520 1537 Auro
532 1505 651 1535 ductili
664 1513 720 1534 ne-

19 1566 133 1602 toque.
157 1560 274 1592 Barth.

62 1614 123 1642 199
146 1611 230 1642 Solio
268 1608 396 1648 eburno]

20 1662 119 1693 Idem.

59 1714 123 1741 200
146 1709 240 1749 Jure]
276 1709 498 1750 Magistratus
525 1705 722 1747 insignibus,

19 1759 268 1801 officioqnejus
295 1759 432 1791 dicturi.
478 1758 644 1790 Habitum
663 1757 721 1797 jus

20 1810 164 1841 dicentis
185 1809 227 1840 ab
253 1819 293 1840 eo
321 1814 459 1850 separat
487 1819 553 1850 quo
581 1807 723 1839 crimina

20 1861 258 1902 puniebantur.
283 1861 380 1891 Idem.

86 1912 193 1942 Denso
227 1921 279 1941 seu
311 1910 435 1942 turbine
463 1910 565 1950 vulgi]
625 1908 725 1940 Densi

23 1963 134 1994 Oxon.
158 1963 225 1993 Pro
254 1963 370 2001 Cingas
383 1962 458 2000 jure
475 1961 594 1999 sorum,
610 1959 724 1990 malim

23 2012 170 2051 stringas
182 2024 192 2043 .-
216 2012 305 2043 unde
319 2017 354 2043 et
370 2012 498 2042 Strictae
515 2013 596 2049 leges
612 2009 723 2041 Statio

23 2063 56 2093 in
69 2062 188 2093 Silvis:
206 2063 214 2079 ‘
228 2063 332 2094 Nulla
342 2061 417 2092 foro
432 2061 540 2092 rabies
553 2070 616 2091 nec
629 2060 725 2091 stric-

23 2114 189 2155 taejurgia
206 2114 288 2153 legis
304 2113 323 2143 :'
340 2123 406 2154 qno
424 2112 622 2143 tamenloco
634 2111 726 2141 inve-

24 2163 111 2195 nisse
128 2173 181 2194 me
198 2164 333 2195 memini
358 2163 390 2193 in
408 2167 544 2193 vetusta
557 2161 724 2192 editione:

23 2216 32 2230 ‘
51 2214 153 2245 Nulla
174 2213 248 2245 foro
273 2213 385 2244 rabies
412 2223 472 2244 nec
496 2213 584 2243 scita
602 2212 728 2251 Lycur-

25 2263 78 2304 gia
95 2263 208 2303 leges.’
231 2264 240 2280 ‘
259 2263 432 2302 Stringere
460 2263 574 2292 volatu
593 2259 726 2300 teri-ass

25 2315 62 2342 et
87 2312 275 2352 ‘stringere
301 2317 425 2343 venatu
451 2311 577 2342 saltus'
613 2315 728 2341 noster

27 2360 107 2392 alibi
122 2362 268 2393 dixerat.
313 2362 494 2393 Adeantur
520 2367 609 2393 notae
637 2362 727 2392 bello

29 2411 219 2452 GildonicO,
233 2416 306 2444 356.
329 2417 338 2429 ‘
354 2413 590 2453 Cingerejure
606 2411 729 2443 forum’

29 2466 142 2493 tamen
159 2462 285 2493 dictum
302 2463 410 2494 videri
430 2464 550 2504 possit,
567 2468 604 2494 ut
627 2464 635 2479 ‘
654 2462 729 2494 fora

29 2511 175 2543 fascibus
212 2514 438 2545 circumdare’
482 2515 562 2545 alibi
600 2518 728 2545 nostro.

30 2563 74 2595 D.
91 2562 201 2594 Heius.

73 2616 135 2644 201
162 2614 371 2654 Circumfusa]
408 2615 497 2646 Vide
531 2615 727 2646 Doctissimi

31 2663 137 2704 Lipsii
159 2662 377 2704 Admiranda,
392 2675 449 2696 111.
471 2669 500 2696 8.

74 2716 137 2744 202
164 2714 258 2744 Cerea
276 2714 368 2751 fuere
386 2715 526 2755 Gaudia]
551 2717 627 2747 Non
649 2717 730 2749 adu-

32 2762 125 2795 landi
140 2764 265 2805 studio,
280 2773 347 2795 non
373 2765 556 2798 ambitione
570 2771 708 2798 extorta
721 2777 730 2805 ;

452 1609 544 1640 Sella
591 1605 720 1638 Curuli.

1351 136 1465 176 1545

764 253 856 281 vera,
873 243 1029 282 ingenua,
1045 239 1164 279 solida,
1180 243 1286 270 certa.
1312 239 1428 271 Barth.

805 296 868 324 204
892 293 1051 323 Funderet
1081 290 1176 330 cedes]
1218 290 1296 320 Αἶα.»-
1324 289 1466 329 Gyrald.

763 344 861 384 prim.
879 343 994 373 Vatie.
1021 346 1056 372 ct
1072 341 1169 371 multi
1186 350 1227 370 ex
1245 339 1382 377 nostris,
1398 339 1467 378 pri-

763 403 892 434 maeque
922 393 998 422 edd.
1030 391 1151 431 Virgil.
1181 390 1309 429 Georg.
1340 398 1392 420 ιν.
1422 388 1465 418 de

762 444 904 484 apibus:
931 445 940 460 ‘
956 443 1125 473 Pontibus
1140 445 1176 471 ut
1192 439 1320 479 magnis
1338 437 1469 479 possint

764 495 949 525 consistere
977 499 1013 524 ct
1037 494 1104 524 alas
1134 491 1292 523 Pandere
1317 490 1359 521 ad
1377 489 1468 520 aesti-

764 556 841 576 vum
873 545 998 577 solem!
1060 545 1182 575 Horat.
1220 543 1263 573 de
1302 543 1466 572 Pavone:

763 598 771 613 ⁴
792 597 885 637 picta
929 595 1050 636 pandit
1097 593 1295 635 spectacula
1341 590 1469 622 cauda!

766 647 869 678 Ovid.
901 647 959 677 lib.
986 655 1040 677 111.
1069 645 1186 675 Amor.
1222 645 1230 660 ‘
1249 643 1365 673 Prima
1391 642 1467 672 loco

765 697 876 728 fertur
905 697 1012 737 passis
1039 696 1196 727 Victoria
1221 693 1377 735 pennisz'
1411 691 1469 722 ubi

767 757 949 787 perperam
982 747 1080 786 vulgo
1113 746 1239 786 sparsis.
1300 743 1470 776 Prudent.

767 798 822 828 lib.
834 807 872 828 11.
885 802 1003 828 contra
1013 797 1203 837 Symmaeli.
1219 797 1340 826 ‘aurea
1356 802 1467 834 quam·

769 849 818 878 vis
836 849 1026 878 Marmoreo
1053 847 1086 877 in
1104 847 1234 886 templo
1257 845 1376 876 rutilas
1392 844 1475 874 vic-

769 898 856 928 toria
869 908 995 938 pennas
1011 898 1171 936 Explicat
1183 897 1200 926 :¹
1227 906 1292 936 quo
1306 896 1378 926 loco
1393 903 1473 925 con-

768 947 921 978 firmatur
935 947 1037 977 lectio
1053 947 1148 976 unius
1160 946 1323 985 Medicei,
1338 945 1393 986 qni
1410 954 1471 985 pro

766 1000 865 1027 ardua
891 1005 1005 1036 pennas
1034 995 1190 1035 agnoscit
1218 1005 1324 1027 aurea.
1371 995 1472 1027 Quod

768 1048 868 1087 paulo
887 1051 963 1085 post
979 1045 1142 1086 sequitur,
1165 1045 1276 1075 stilico
1293 1048 1347 1074 tua
1361 1045 1474 1083 saepius

767 1099 854 1127 ornet
883 1096 1020 1134 Limina,
1057 1095 1231 1135 vulgatam
1270 1095 1474 1135 scripturam

768 1147 944 1178 adstruere
961 1145 1108 1176 videtur.
1137 1146 1179 1176 D.
1197 1145 1311 1176 Heius.

811 1200 873 1228 2οἶ)
899 1198 927 1226 0
953 1196 1054 1236 palma
1078 1195 1188 1235 viridi]
1224 1196 1279 1226 Sic
1310 1205 1351 1226 ex
1372 1195 1473 1236 prim.

767 1248 880 1279 Vatic.
901 1253 936 1277 ct
955 1246 1147 1287 quindecim
1174 1246 1249 1276 aliis
1279 1245 1474 1286 legendum.

769 1297 880 1339 Vulgo
900 1299 943 1328 Et
968 1299 1083 1338 palma.
1130 1299 1198 1328 Pro
1223 1299 1375 1336 gaudens,
1403 1302 1474 1328 tres

761 1349 900 1389 florens.-
930 1349 973 1379 de
1005 1359 1069 1389 quo
1096 1349 1199 1379 verbo
1226 1348 1307 1379 alibi
1335 1348 1475 1378 dictum.

772 1401 867 1430 Idem.

815 1450 940 1481 Amicta
957 1449 1096 1489 [νομαῖς]
1129 1449 1267 1487 Ama-ta,
1284 1448 1410 1486 cincta,
1427 1448 1475 1477 in-

771 1501 884 1530 cincta
902 1500 1062 1539 undique.
1088 1500 1206 1529 Barth.

814 1552 877 1580 206
904 1550 1014 1579 Custos
1031 1547 1178 1588 Imperii]
1205 1549 1338 1588 Tutela,
1356 1548 1477 1579 tutrix.

772 1600 870 1631 Idem.

814 1653 876 1682 207
907 1650 1106 1690 Vulneribus]
1131 1650 1217 1682 Quae
1244 1649 1360 1680 intulit
1385 1649 1478 1679 Seni-

772 1711 827 1732 um
841 1701 928 1732 Urbi
945 1705 979 1732 et
994 1700 1154 1731 Romanis
1173 1700 1283 1731 rebus.
1323 1700 1367 1730 Et
1383 1700 1479 1730 demis

772 1752 928 1783 Luborum
952 1761 1094 1789 sensum;
1117 1752 1181 1783 hoc
1211 1756 1276 1789 est,
1305 1751 1416 1782 Tanta
1442 1759 1478 1780 es

773 1803 968 1842 dulcedine,
994 1807 1030 1833 ut
1057 1802 1165 1833 omnis
1192 1802 1287 1832 labor
1317 1806 1480 1841 respectu

774 1854 823 1884 tui
840 1857 1015 1891 vanescat,
1032 1853 1190 1891 vilescat,
1207 1862 1269 1892 pro
1283 1851 1375 1882 nullo
1387 1860 1482 1891 pror-

775 1914 829 1935 sus
846 1903 1020 1934 habeatur.
1048 1904 1144 1933 Idem.

817 1958 880 1985 208
904 1953 1052 1992 Dicam]
1082 1954 1192 1985 Quam
1220 1951 1376 1983 Bacchus
1408 1950 1481 1981 Ari-

775 2005 862 2035 adne
890 2004 1013 2045 puellae
1031 2003 1189 2034 Cretensi
1208 2001 1354 2042 paravit.
1383 2001 1482 2031 Idem.

818 2059 879 2087 211
908 2055 995 2086 Fessi
1022 2055 1134 2084 mulces
1148 2053 1283 2093 suspiria
1301 2050 1433 2089 Martis]
1450 2050 1482 2081 A

778 2105 956 2147 perpetuis
1006 2102 1320 2143 belligerationibus
1360 2101 1482 2142 quibus

777 2166 853 2186 eum
869 2155 1063 2193 astringunt
1081 2153 1268 2184 Poetarum
1286 2151 1359 2182 lilii.
1384 2153 1482 2182 Idem.

820 2209 883 2237 214
910 2205 1009 2245 Teque
1023 2203 1165 2243 reducat]
1190 2204 1327 2234 Potitus
1343 2208 1391 2242 te,
1409 2212 1483 2242 pro-

778 2256 904 2296 fligatis
921 2256 1085 2286 hostibus.
1119 2254 1186 2285 Sed
1204 2258 1239 2284 et
1257 2254 1352 2294 signa
1367 2253 1483 2284 Victo-

779 2308 838 2338 riae
861 2306 1032 2337 habebant
1059 2306 1091 2335 in
1109 2304 1263 2335 exercitu
1290 2304 1394 2345 prisci
1411 2305 1484 2334 Du-

779 2367 848 2389 ces.
888 2355 1114 2387 Eam-mdono
1127 2355 1242 2385 oblata
1257 2354 1299 2385 ob
1318 2354 1485 2395 primitias

778 2409 849 2439 sive
865 2408 1019 2448 auspicia
1030 2407 1169 2447 Imperii
1186 2406 1414 2446 Principibus,
1427 2415 1485 2436 ex-

779 2460 924 2500 emplum
939 2458 1028 2498 apud
1037 2456 1264 2496 Ammianum,
1277 2457 1334 2488 lib.
1347 2465 1486 2488 xxvm.

780 2511 877 2541 Idem.

821 2562 885 2590 216
910 2558 1049 2589 Placidis
1074 2562 1105 2588 te
1131 2558 1264 2588 mor-dus
1288 2557 1369 2596 egit]
1392 2556 1484 2586 Som-

781 2620 844 2651 per
869 2610 961 2641 mitis
977 2614 1012 2640 ct
1028 2609 1176 2640 clemens
1193 2607 1258 2639 fnit
1283 2608 1315 2638 in
1331 2605 1485 2637 victoria.

781 2662 880 2692 Idem.

824 2713 885 2742 217
911 2710 1113 2748 Sem-uritque
1142 2708 1230 2748 piam
1251 2706 1355 2744 victis]
1390 2703 1484 2734 Libri

781 2761 860 2800 vitu,
888 2760 982 2800 victu,
1008 2760 1132 2797 victum,
1153 2757 1264 2795 justis,
1290 2755 1390 2785 vitas:
1416 2754 1482 2785 duo
