1763 3116
517 195 578 226 DE
612 193 670 224 BE
681 194 769 222 [1110
801 194 827 222 G
839 193 995 223 E'rlco.

31 291 182 333 legiones
213 293 290 323 olim
319 290 472 332 probatae
500 299 518 319 a
544 288 732 319 Stilichone

33 342 280 373 desiderantur.
303 350 404 382 quare
435 340 507 379 ipse
538 338 653 379 paucis
680 348 733 369 00-

32 392 170 422 mitatus
185 391 346 421 Rlieticas
361 388 465 428 Alpes
478 387 598 418 transit
612 398 620 425 ;
644 387 732 417 unde

32 441 127 481 quasi
145 439 310 471 curriculo
336 438 490 476 revertit,
518 439 658 468 Romam
683 438 733 478 ip-

32 500 101 522 sam
119 495 152 521 ct
178 488 364 520 Honorium
392 488 479 528 Imp.
511 488 554 518 ab
581 487 732 518 hostibus

31 541 125 583 quasi
142 541 310 571 obsessum
330 540 579 580 redempturus.
607 540 730 570 Clurer.

72 593 131 621 315
167 588 415 629 Migrantisque]
461 589 623 629 Principe
659 589 732 629 jam

29 649 105 671 cum
122 639 212 670 omui
230 640 305 670 aula
322 639 423 670 Italia
441 639 632 670 decessuro.
669 640 733 670 Ra-

30 700 147 721 vennae
173 695 286 721 autem
311 696 381 720 tum
411 689 516 720 fuisse
545 689 733 720 Honorium

31 744 165 772 constat
182 749 223 770 ex
237 740 443 771 auctoribus.
469 740 585 770 Barth.

75 795 138 822 316
164 791 310 822 Tenebris
337 791 450 831 pulsis]
500 790 735 821 Periculorum

32 846 143 873 nocte.
191 841 305 871 Rebus
321 841 483 872 adversis,
509 842 605 871 Idem.

75 895 137 922 318
160 891 259 921 Stetit
277 891 468 930 obsidesali]
485 892 664 930 Egregium
681 900 736 920 ex-

31 942 176 981 emplum
192 941 309 971 Civilis
320 941 409 980 apud
423 941 594 978 'l‘acituin‚
606 941 736 970 Histor-

31 1001 80 1022 μ’.
104 996 112 1009 ⁴
133 1002 151 1022 a
169 997 266 1031 tergo
291 996 445 1029 matrem,
472 1001 632 1027 sororem,
662 991 734 1030 pig-

29 1051 113 1072 nora
144 1046 272 1072 caetera
311 1041 511 1082 pugnaturis
544 1041 737 1072 collocans.'

31 1092 127 1123 Idem.

73 1145 135 1173 319
159 1141 403 1182 Pr·otintis,33·c.]
443 1141 508 1172 Hic
535 1142 628 1173 locus
652 1142 735 1172 mire.

30 1193 159 1224 excitat
176 1193 367 1231 Lectorem,
389 1202 497 1233 neque
520 1197 601 1232 puto
619 1192 734 1222 melio-

31 1252 86 1273 res
103 1252 218 1272 versus
233 1248 369 1273 exstare
388 1242 515 1282 uspiam
530 1253 538 1279 ;
563 1246 615 1273 est
643 1243 734 1272 enim

29 1292 83 1323 11ἰο
102 1292 213 1322 I’o'e'ta
232 1292 300 1323 Nili
317 1293 367 1322 sui
383 1291 565 1322 cataractis
587 1291 734 1322 uberior.

34 1343 154 1373 (Ἴσι-εν.

74 1395 136 1423 320
165 1392 262 1423 Dulci
302 1391 453 1422 mentitur
487 1392 591 1422 Nerea
616 1390 734 1432 fluctu]

32 1443 135 1474 fluxu
154 1453 237 1473 uuus
254 1443 364 1473 Vatic.
390 1443 432 1472 D.
451 1443 561 1472 Heius.

75 1493 234 1524 Mentitur
250 1492 367 1531 Nerea]
407 1492 563 1531 Speciem
596 1491 734 1521 marinae

32 1552 128 1583 aquae
147 1541 308 1582 praeferre
323 1542 370 1571 ait
388 1541 535 1580 Larium⁷
554 1550 628 1571 011111
644 1541 734 1571 dulci

32 1598 146 1623 tamen
164 1596 308 1622 constet.
334 1591 452 1621 Barth.

73 1645 134 1673 321
160 1641 383 1681 Proeterrolat]
409 1641 485 1671 Hoc
502 1645 568 1678 est,
583 1640 733 1680 pervolat.

33 1691 143 1723 Idem.

73 1745 135 1772 322
161 1741 308 1772 Brumali
323 1741 436 1781 sidere]
461 1740 613 1780 Frigore.
628 1741 725 1771 Idem.

74 1795 136 1823 323
161 1792 219 1822 Nil
241 1792 359 1832 hyemis
380 1791 484 1821 cadite
499 1792 627 1831 memor]
665 1790 735 1821 Ob-

31 1843 111 1873 litus
140 1841 415 1882 magnanimitate
438 1850 552 1871 eorum
578 1851 654 1881 quae
678 1850 735 1870 na-

32 1901 108 1925 tura
122 1894 195 1934 ipsa
211 1892 419 1933 opponebat,
435 1898 469 1923 et
487 1892 664 1922 attendere
682 1901 735 1921 co-

31 1944 144 1985 gebat,
162 1949 277 1975 tantus
303 1943 403 1973 ardor
430 1947 504 1973 erat
531 1942 678 1981 virtutis,
701 1946 735 1972 et

31 2004 125 2026 amor
139 1993 324 2034 eripiendae
341 1993 495 2024 cladibus
512 1993 633 2024 Italiae.

77 2044 148 2084 Ille]
193 2045 372 2074 Excellens
425 2043 556 2084 aliquis,
595 2043 735 2073 aliorum

34 2095 238 2136 praecipnns.
263 2095 378 2125 Barth.

75 2148 138 2176 332
164 2146 307 2175 Flumina
322 2143 431 2183 regno]
456 2144 495 2174 Iu
510 2144 595 2174 lianc
607 2154 676 2174 rem
691 2144 734 2174 D.

33 2196 233 2228 Ambrosius
260 2195 379 2233 tradit,
416 2194 568 2225 Rhenum
597 2195 737 2235 Imperii

33 2247 190 2286 Romani,
207 2247 386 2276 adversum
413 2244 500 2276 feras
531 2250 649 2285 gentes
667 2254 736 2275 mu-

33 2306 104 2328 rum
122 2306 209 2327 esse.
235 2297 360 2326 Clarer.

76 2349 137 2377 335
163 2347 201 2377 In
227 2355 333 2377 nomen
353 2345 489 2375 transire
518 2344 619 2384 suum]
658 2344 737 2375 Pul-

36 2397 114 2428 chre
132 2395 298 2427 Ausonius
316 2396 482 2426 Mosella:
507 2397 514 2411 ‘
532 2396 686 2425 celerant
703 2395 737 2424 in

37 2453 71 2478 te
99 2456 293 2477 consumere
321 2446 466 2476 nomen.'
512 2446 595 2486 Ipsa
623 2451 736 2476 autem

37 2497 216 2535 sexaginta
241 2505 363 2536 capere
397 2495 593 2527 Danubium
630 2496 738 2535 prius-

38 2555 136 2587 quam
166 2546 277 2576 Ponto
305 2546 483 2576 evolvatur
515 2545 635 2576 scribit
660 2545 738 2577 Jor-

38 2595 166 2627 nandes
183 2595 334 2626 Geticar.
369 2596 468 2635 Orig.
486 2606 560 2636 cap.
578 2599 629 2627 12.
653 2597 737 2626 Bur-

39 2646 132 2676 thius.

83 2697 146 2726 336
171 2694 277 2738 Bifido
290 2695 405 2735 meatu]
421 2695 510 2726 Vide
523 2695 737 2736 Strabonem,

40 2746 97 2777 lib.
115 2755 162 2776 xv.
189 2745 284 2775 Idem.

1374 186 1487 227 1563

826 290 889 318 338
913 287 1071 317 Glaciulia
1088 286 1163 316 secti
1183 285 1284 324 Terga
1300 286 1394 326 rotis]
1422 287 1489 318 Mi-

784 347 855 367 ruin
873 337 935 367 lioc
963 336 994 367 iu
1021 336 1171 366 barbaris
1190 340 1224 366 et
1240 335 1490 375 septentriona-

784 387 870 417 libus
883 386 993 417 fluviis
1011 385 1173 417 Romanis
1189 384 1396 415 hominibus.
1442 385 1490 415 At

784 437 815 466 in
833 436 1055 476 Cappadocia
1071 436 1174 466 etiam
1188 435 1330 473 Asiana,
1347 434 1488 474 ejusque

785 487 827 517 ad
865 488 982 517 urbem
1015 486 1268 517 celeberrimam
1297 486 1488 515 Caesaream

785 538 862 577 gelu
875 538 965 577 paris
979 536 1149 567 violentia¹
1165 535 1316 577 agnoscit
1329 533 1489 565 Gauden-

785 587 863 618 tius.
887 587 981 617 Idem.

827 640 890 668 339
914 638 1025 667 Boreoe
1044 637 1204 676 Martique
1215 634 1348 674 sodales]
1372 634 1427 665 Ab
1444 634 1492 664 in·

785 692 943 728 terrupto
960 688 1063 718 cultu.
1089 687 1186 717 Idem.

829 737 990 777 Martique
1016 736 1150 775 sodales]
1196 735 1373 775 Martisque
1397 739 1490 771 tres;

787 787 875 828 quod
907 787 1022 818 nescio
1051 796 1112 817 cur
1126 785 1287 816 maluerit
1305 784 1492 824 Raplielen·

787 838 877 877 gius:
904 837 962 877 11111
980 846 1057 867 mox
1077 837 1161 867 bene
1178 846 1234 876 quo
1263 845 1323 876 pro
1340 845 1399 875 qua
1415 843 1491 865 cum

786 887 936 926 scriptis.
961 887 1005 917 D.
1021 887 1134 917 Heius.

830 940 891 967 3-11
934 937 1112 975 I’anda'tque
1147 934 1353 974 tremendam]
1397 934 1491 974 Lego

783 987 1005 1025 premendrmm
1028 990 1065 1015 ut
1087 985 1176 1024 apud
1207 986 1336 1024 Silium,
1362 985 1420 1015 lib.
1437 993 1493 1014 111.

787 1038 794 1052 ‘
812 1035 915 1066 dubio
933 1035 1064 1065 devexa
1081 1044 1143 1074 per
1165 1035 1256 1064 invia
1274 1035 1347 1064 nisu
1364 1034 1493 1064 Firma·

790 1086 849 1116 bat
864 1095 1013 1125 gressum
1026 1090 1127 1124 atque
1141 1084 1315 1113 humentia
1326 1093 1409 1113 saxa
1419 1092 1494 1122 pre-

787 1138 904 1168 mebat
919 1137 938 1168 :⁷
958 1137 1018 1167 nisi
1037 1137 1111 1177 quis
1129 1136 1224 1166 malit
1236 1145 1278 1166 ex
1289 1134 1398 1165 Deirii
1415 1143 1493 1164 con-

780 1189 919 1229 jectura
935 1189 1105 1226 urendum,
1121 1186 1208 1227 quod
1224 1190 1377 1226 praestat.
1402 1184 1493 1215 Livi-

785 1238 880 1268 neius
909 1239 1086 1273 tenendum;
1112 1237 1278 1278 quomodo
1301 1236 1334 1266 111
1364 1235 1490 1275 Regio:

785 1288 894 1318 minus
921 1287 1021 1327 bene,
1049 1288 1203 1328 proxime
1229 1291 1344 1317 tamen
1361 1295 1493 1316 verum.

789 1339 886 1368 Idem.

829 1390 891 1417 342
918 1387 982 1416 Ceu
1001 1386 1147 1424 Gorgone
1158 1385 1240 1424 visa]
1260 1385 1410 1416 Saxifico
1422 1385 1494 1416 vul-

787 1441 821 1467 tu
840 1435 1005 1466 Medusa.
1031 1436 1147 1467 Burllt.

830 1488 891 1515 343
917 1484 1062 1515 Hausere
1087 1485 1250 1524 prosundoe
1276 1485 1374 1525 nives]
1411 1485 1493 1515 Pul-

786 1535 879 1566 chre.
918 1535 1030 1573 Silius,
1059 1535 1116 1564 lib.
1135 1544 1191 1565 111.
1222 1535 1357 1565 ‘haurit
1385 1535 1494 1574 hiatu,

786 1584 856 1616 Nix
873 1584 1023 1614 resoluta
1041 1584 1141 1624 viros,
1157 1585 1292 1625 altoque
1310 1595 1327 1615 a
1345 1585 1492 1615 culmine

787 1644 943 1676 praeceps
957 1634 1120 1664 Viventes
1149 1635 1263 1674 operit
1288 1639 1414 1665 turmas
1438 1635 1494 1666 de-

785 1687 881 1726 lapsa
899 1684 1021 1715 ruina!
1047 1685 1145 1715 Idem.

830 1738 890 1765 345
918 1735 1094 1774 Barathro]
1121 1735 1242 1766 Omnis
1267 1744 1393 1774 vorago
1411 1734 1492 1765 irre-

785 1786 940 1818 meabilis
957 1786 1018 1816 hac
1039 1795 1121 1816 voce
1140 1789 1311 1816 censetur.
1337 1786 1433 1817 Idem.

829 1840 904 1867 347·
921 1836 1068 1876 Trepidis
1075 1835 1265 1873 sundmm'na
1279 1836 1412 1875 subruit,
1427 1836 1495 1877 δῖα]

786 1887 932 1918 Poenica
949 1887 1037 1918 euim
1055 1886 1196 1916 licentia
1210 1896 1249 1917 eo
1263 1886 1442 1916 adscendit
1455 1890 1494 1916 ut

785 1939 910 1969 nivium
925 1937 1017 1977 jugis
1033 1937 1106 1976 ipsa
1121 1943 1212 1967 astra
1236 1937 1493 1976 macliinamque

786 1991 958 2021 etelestem
977 1987 1173 2018 incumbere
1190 1986 1419 2028 pronunciare
1434 1996 1493 2017 au-

786 2041 877 2071 deat.
904 2040 1000 2069 Idem.

833 2089 961 2130 Tepidis
985 2088 1175 2126 fundamina
1205 2087 1322 2117 subruit
1351 2086 1494 2126 Austris]

784 2142 839 2173 Sic
857 2151 899 2172 ex
913 2141 1112 2179 conjectura
1131 2137 1393 2178 Raplielengius.
1429 2137 1492 2167 Lo-

785 2191 954 2223 vaniensis
968 2191 1053 2220 liber
1065 2188 1262 2227 confirmat3
1287 2194 1321 2218 ut
1340 2192 1374 2217 et
1391 2187 1490 2217 Pom-

786 2243 878 2284 ponii
909 2242 996 2273 Laeti
1030 2245 1207 2279 excerpta.
1279 2237 1421 2278 Vulgati
1455 2241 1492 2267 et

787 2293 906 2332 scripti
922 2291 1077 2332 plerique
1097 2289 1210 2329 Icpidis
1226 2288 1330 2318 astris.
1366 2287 1491 2327 lsiugr.

787 2349 823 2374 et
849 2342 984 2383 plurimi
1011 2351 1053 2371 ex
1077 2340 1203 2370 uostris
1221 2340 1352 2378 trepidis
1375 2338 1492 2373 astris,-

787 2393 877 2434 quod
895 2397 930 2423 et
945 2391 1100 2422 Livineio
1128 2389 1308 2429 placebat:
1335 2393 1373 2419 ut
1400 2387 1489 2427 apud

786 2444 918 2482 Silium,
941 2443 997 2473 lib.
1014 2450 1094 2471 vm.
1119 2443 1127 2456 ‘
1149 2440 1347 2479 Phlegrteus
1376 2439 1492 2477 tetigit

788 2493 999 2534 trepidantia
1030 2491 1143 2522 sidera
1172 2488 1317 2520 vertex.’
1354 2493 1490 2520 secutus

787 2546 889 2576 etiam
908 2549 961 2574 est
977 2541 1148 2573 Barthius.
1172 2540 1218 2571 D.
1235 2539 1346 2570 Heius.

830 2598 892 2626 348
918 2593 1082 2634 Mnlefida]
1115 2592 1191 2622 Nou
1215 2590 1384 2620 servantia
1401 2586 1491 2628 quod

786 2644 941 2687 polliceri
958 2643 1174 2674 videbantur.
1201 2641 1318 2671 Barth.

830 2698 893 2727 349
918 2695 1015 2725 Nulla
1026 2693 1115 2734 Lyaei
1135 2693 1260 2730 Pocula,
1276 2691 1359 2721 nulla
1383 2686 1489 2726 Czres]

789 2744 969 2785 Expressit
984 2742 1122 2774 virtutis
1142 2742 1228 2772 banc
1245 2738 1439 2771 violentiam
1455 2737 1489 2768 iu
