1859 3148
357 177 469 221 1618

357 291 432 324 quae
449 281 560 312 omnia
577 284 733 311 recenset
751 276 870 308 Claud.
883 274 1054 305 Tribunus

357 337 393 363 et
412 330 582 366 Notarius,
601 330 742 367 idvoqu«¹
765 326 862 364 hujus
881 324 928 354 rei
947 324 1054 354 sciens

357 383 383 413 si
401 381 472 422 quis
489 382 582 411 alius.
622 379 707 409 Vide
724 376 806 408 Cod.
825 377 844 405 l.
862 383 928 406 xn.
943 375 1010 405 Tit.
1024 377 1054 406 7.

360 434 480 464 Clarer.

400 486 440 513 86
460 483 633 519 leeg-norum
651 475 802 515 muneras]
820 476 984 506 Rectoruin
999 485 1054 506 nu-

355 542 471 563 merum
488 530 584 569 prim.
599 527 709 557 Vatic.
723 531 759 557 ut
776 526 797 556 l.
811 535 850 556 11.
867 526 899 555 in
914 527 1054 566 Eutrop.

355 583 363 598 ‘
383 582 565 611 Rectorum
592 586 765 607 numerum
794 576 892 606 terris
910 585 1054 616 pereun-

357 632 444 662 tibus
462 627 608 667 angent.'
655 627 821 656 Rectorum
843 636 981 656 numeros
997 625 1055 656 Oi-

354 681 520 717 selianus;
544 678 585 709 de
604 677 781 708 Praefectis
798 677 1053 708 Provinciarum

353 731 410 761 ait.
457 729 539 759 Mox
567 727 663 767 prim.
689 727 801 757 Vatic.
826 729 834 743 ‘
853 725 1055 764 constringit

352 780 385 810 in
404 788 502 810 unum
519 779 657 818 Sparsas
682 778 812 818 imperii
839 777 940 816 vires,
956 786 1054 807 cune-

355 838 460 870 osque
478 827 655 858 recenset!
679 828 724 858 D.
740 827 850 857 Heius.

397 877 564 916 Numeros]
582 877 750 907 Militares
767 876 937 907 cobortes.
962 876 1054 907 Quas

354 931 433 962 olim
455 930 621 967 cobortes,
648 938 687 959 co
715 938 787 959 aevo
815 937 971 957 numeros
988 926 1054 957 dici

353 984 482 1020 coeptos
499 979 615 1010 scribit
632 978 836 1008 sozomenus
853 977 884 1007 in
904 977 1055 1007 Historia

326 1070 328 1073 Υ
352 1029 602 1061 Ecclesiastica.
627 1029 742 1059 Barth.

397 1083 437 1109 88
464 1078 662 1118 Depositum]
697 1078 842 1108 Tabulas
859 1077 907 1107 ita
923 1076 1055 1107 videtur

353 1129 526 1169 appellare
554 1127 652 1158 modo
670 1127 788 1165 dictas,
806 1137 886 1166 quas
906 1127 993 1165 apud
1013 1137 1055 1156 a*-

352 1178 491 1216 rarinm,
509 1182 566 1207 ant
582 1176 734 1206 Scribam
754 1176 936 1216 publicum,
951 1175 1055 1215 depo-

353 1227 470 1266 suerit,
496 1227 547 1256 vel
577 1231 611 1256 et
635 1226 698 1256 ulio
723 1227 796 1256 loeo
818 1225 1055 1265 Imperatorio-

354 1286 427 1307 rum
446 1277 688 1307 thesaurorum.
713 1275 810 1304 Idem.

397 1326 578 1365 Depositum
593 1323 677 1363 quoe]
702 1323 876 1362 Dis-positos
892 1323 1054 1354 Lucensis

353 1380 386 1406 et
401 1375 610 1405 Oiselianus:
635 1373 800 1411 dispositos
808 1382 896 1411 quam
909 1372 1052 1412 Gyrald.

351 1424 509 1464 dispositis
528 1433 594 1462 quie
622 1422 720 1462 prim.
748 1421 862 1452 Vatic.
885 1422 1053 1452 secundus

350 1475 530 1514 depositam.
574 1473 692 1505 Scribe
720 1483 761 1504 ex
787 1474 936 1511 vestigiis
965 1474 1052 1513 opti-

351 1535 479 1556 morum
505 1524 673 1562 codicum,
703 1523 910 1562 transposita
935 1522 1054 1552 verbo·

351 1584 426 1605 rum
443 1574 529 1604 serie
544 1585 551 1604 2
580 1575 744 1603 Rei-torum
755 1575 871 1603 tractat
884 1582 1053 1611 numerum,

350 1624 535 1662 constringit
552 1623 584 1653 in
608 1633 700 1653 unum
723 1622 854 1662 Sparsus
869 1622 992 1662 imperii
1009 1623 1052 1652 ri-

349 1684 410 1712 res,
426 1684 590 1714 cuneosque
605 1677 740 1705 recenset
765 1673 963 1713 Dispositos:
985 1684 1053 1713 quoe

351 1723 537 1754 Sarmaticis
564 1724 703 1755 custodia
732 1724 822 1763 ripis,
847 1725 897 1762 250.
942 1722 1054 1753 Aliter

352 1775 523 1815 Bai-thius,
540 1785 637 1815 quem
656 1774 733 1804 boni
747 1774 881 1804 codices
899 1773 960 1803 hoc
977 1774 1051 1804 loco

351 1825 522 1858 defecere.
569 1824 724 1864 Dispositi
754 1824 852 1861 cunei,
885 1822 1051 1863 quomodo

351 1875 384 1905 in
423 1875 532 1905 veteri
571 1873 790 1914 inscriptione
825 1871 1049 1903 Ariminensi:

350 1925 358 1941 ‘
379 1923 536 1954 Ausoniis
567 1924 700 1964 populis
732 1923 876 1963 gentiles
907 1923 970 1952 rite
999 1932 1053 1952 co-

349 1973 464 2004 bortes
482 1974 669 2013 Disposuit,
686 1971 797 2003 sanxit
813 1971 954 2009 foedera,
971 1971 1052 2011 jura

350 2023 471 2055 dedit!
514 2024 597 2054 Mox
625 2024 715 2054 Getis
740 2032 800 2063 pro
817 2022 940 2053 thoetis
963 2021 1050 2054 libri.

350 2072 395 2103 D.
417 2072 529 2103 Heius.

392 2125 433 2151 90
460 2123 616 2157 Quantum
631 2123 755 2152 eina-ere
771 2120 921 2159 cohortes]
946 2120 1051 2155 Quan-

349 2174 414 2207 ta·;
449 2176 483 2201 et
520 2182 595 2201 mox
631 2175 744 2210 quanto
781 2171 868 2201 bene
907 2171 1048 2210 Raplicl.

350 2222 469 2261 scripti
483 2221 693 2252 confirmant.
720 2222 815 2251 Idem.

394 2275 434 2302 03
463 2273 567 2310 Elegit
595 2272 739 2311 Stilicho]
773 2270 897 2302 Erexit
923 2270 963 2301 ad
993 2280 1049 2301 cas

351 2321 546 2361 dignitates.
593 2322 655 2351 Vel
680 2326 827 2351 certent
857 2319 1048 2359 nuptiarum

350 2371 548 2403 conciliator
563 2369 663 2400 fucrit
690 2370 842 2408 Stilicho,
867 2378 933 2398 non
951 2377 1048 2397 secus

351 2431 390 2453 ac
408 2421 592 2452 Claudiano
611 2430 764 2460 sponsam
789 2419 935 2450 contulit
954 2419 1048 2448 Serc-

351 2480 412 2508 na;
459 2471 601 2501 docente
629 2471 772 2510 ipsomet
800 2471 830 2499 in
859 2467 976 2505 Elegia
1005 2467 1047 2498 ad

351 2529 434 2551 eam.
480 2522 565 2553 Qua}
583 2520 794 2551 doctissimus
814 2517 988 2548 Cluverius
1006 2517 1046 2547 de

348 2569 543 2610 adoptione,
561 2571 668 2600 minus
696 2568 872 2600 credibilia
897 2572 1045 2598 autumo.

351 2619 467 2650 Barth.

392 2671 434 2699 90
459 2669 635 2699 Marcentes
648 2668 735 2708 cupio
750 2677 893 2708 quassare
908 2666 1046 2707 coronas]

352 2718 430 2752 Hoc
447 2719 533 2750 euim
549 2719 727 2761 Hymenaei
743 2717 900 2750 officium.
924 2717 1020 2749 Idem.

553 187 696 219 No'rAE
728 182 991 215 vsmonum
1025 171 1073 211 in
1111 181 1185 212 ct.
1219 179 1401 210 cumn.
1434 177 1587 209 xxxi.

1147 278 1188 305 98
1212 274 1296 305 Mihi
1310 273 1437 315 fistula]
1472 272 1547 302 Jam
1565 271 1681 312 fistula
1703 270 1799 310 prim.

1105 325 1183 355 Vnt.
1199 328 1233 353 et
1250 323 1369 354 Ambr.
1392 323 1437 353 D.
1452 321 1563 352 Heius.

1147 377 1188 403 90
1212 372 1407 412 Responsura
1423 370 1537 409 choris]
1560 369 1663 400 Vario
1688 368 1802 399 modu·

1105 423 1238 461 lamine,
1253 422 1340 462 quali
1357 426 1513 452 constant
1529 418 1631 449 ebori.
1655 418 1770 449 Barth.

1148 475 1206 502 101
1234 472 1401 511 1’roelisque
1416 470 1536 509 soluite]
1571 469 1682 500 Praela
1705 472 1802 499 erant

1105 522 1137 552 in
1156 532 1217 553 usu
1236 522 1406 560 vestiaria,
1420 520 1538 561 quibus
1562 524 1671 550 vestes
1688 517 1803 549 subdi-

1106 578 1149 603 tae
1167 573 1425 610 coercebantur,
1437 578 1473 602 ut
1489 572 1631 602 nitorem
1648 568 1803 600 formam-

1107 632 1170 663 que
1188 627 1372 653 servarent.
1398 622 1494 652 Idem.

1150 675 1209 702 102
1227 671 1383 711 Dionoeae]
1405 671 1573 701 Maternae
1588 680 1595 699 :
1621 677 1720 709 quam
1738 676 1805 697 ma-

1107 726 1159 752 ter
1189 722 1299 751 Dione
1328 722 1391 760 ipsi
1419 724 1568 751 neverat.
1614 719 1690 749 Hoc
1715 718 1803 748 enim

1106 771 1275 811 opificium
1304 771 1432 801 indicat
1457 779 1517 809 per
1541 772 1729 798 maternam
1757 771 1805 797 te-

1105 822 1182 860 lam,
1213 820 1428 861 exquisitum,
1457 828 1583 855 rarum,
1607 817 1804 857 sepositum,

1107 876 1259 902 ornatum
1293 870 1416 902 talibus
1455 868 1593 908 Nuptiis
1623 866 1804 907 protulisse

1106 927 1207 962 atquc
1245 922 1449 962 impendisse
1479 920 1648 950 Venerem
1680 916 1804 957 signifi-

1107 981 1197 1002 canS.
1225 973 1323 1002 Idem.

1148 1023 1287 1052 Dionoeoe
1299 1020 1391 1052 sumit
1403 1021 1552 1051 velamina
1565 1017 1649 1057 telae]
1668 1017 1805 1047 Cleoueae

1104 1072 1208 1101 reddit
1224 1071 1370 1101 miracula
1386 1071 1454 1100 telae
1472 1070 1570 1109 prim.
1583 1067 1694 1098 Vatic.
1713 1067 1806 1095 mira-

1105 1123 1173 1151 cula
1189 1121 1291 1151 etiam
1314 1130 1398 1151 nnus
1416 1120 1568 1150 Axnbros.
1592 1118 1646 1147 alii
1668 1116 1803 1156 qnidam

1102 1172 1276 1211 peplisque:
1313 1171 1444 1201 Buslid.
1470 1170 1648 1209 peplumque
1676 1167 1805 1197 solutae:

1110 1223 1248 1252 Lucens.
1279 1226 1315 1251 et
1341 1221 1438 1260 prim.
1469 1219 1582 1248 Vatic.
1609 1217 1804 1257 proeliisque:

1105 1277 1140 1302 et
1165 1271 1202 1301 τὸ
1225 1273 1333 1301 soluta>
1354 1271 1387 1301 in
1412 1269 1534 1300 mendo
1554 1268 1664 1300 cubat.
1709 1268 1803 1307 Lego

1103 1321 1265 1360 prcelisque
1289 1321 1409 1360 polita;
1442 1320 1497 1350 vel
1520 1322 1613 1349 certe
1640 1317 1804 1357 praelisque

1103 1371 1224 1400 solutis.
1253 1370 1463 1409 Ammiaan
1483 1370 1506 1400 l.
1521 1377 1655 1399 xxvlu.
1680 1369 1688 1385 ⁴
1706 1368 1803 1399 Solu-

1105 1419 1146 1449 tis
1164 1420 1340 1460 pressoriis
1366 1426 1475 1451 vestes
1497 1420 1572 1449 luce
1589 1418 1738 1448 nitentes
1752 1427 1803 1448 ar-

1104 1468 1194 1499 bitra
1207 1469 1385 1508 diligenter
1401 1467 1600 1508 explorant?
1624 1468 1667 1498 D.
1682 1467 1793 1498 Heius.

1148 1521 1207 1549 103
1240 1519 1428 1549 Exstruitur
1447 1518 1570 1557 currus]
1609 1518 1743 1547 Currum
1770 1526 1804 1547 u·

1104 1578 1165 1598 nus
1190 1567 1347 1598 Ambros.
1374 1573 1411 1598 ut
1437 1567 1643 1599 Graecismus
1669 1566 1723 1596 sit.
1748 1575 1804 1596 ne-

1103 1627 1168 1658 que
1194 1618 1294 1648 aliter
1318 1618 1484 1648 secundus
1508 1620 1541 1647 et
1571 1617 1693 1646 tertius
1709 1615 1803 1646 Vati-

1103 1669 1190 1697 cani.
1217 1668 1313 1698 Idem.

1144 1718 1232 1755 Juga
1251 1717 1386 1756 floribus
1416 1714 1537 1755 halant]
1582 1715 1706 1746 Omnia
1734 1716 1801 1746 Ve-

1103 1767 1192 1798 neris
1230 1771 1439 1797 armamenta
1476 1764 1615 1796 floribus
1649 1765 1800 1806 rosisque

1102 1823 1222 1849 ornata
1258 1818 1355 1857 dicit,
1385 1819 1474 1848 iuter
1503 1826 1544 1847 ea
1581 1822 1616 1848 et
1653 1826 1799 1848 currum.

1103 1868 1220 1899 Barth.

1146 1921 1206 1948 104
1245 1917 1420 1957 columbas]
1464 1919 1614 1948 Vectura
1643 1916 1799 1956 Veneris,

1103 1968 1287 1999 Columbae.
1313 1968 1409 1999 Idem.

1145 2022 1204 2049 105
1221 2020 1414 2059 Quoecunque
1416 2017 1617 2057 frementem]
1637 2016 1800 2047 Fremente

1101 2077 1177 2098 cnm
1195 2068 1338 2098 anensi
1355 2068 1453 2098 malo.
1500 2067 1582 2097 Mox
1598 2066 1683 2096 rauci
1695 2065 1799 2096 Padu-

1099 2129 1152 2159 sce,
1167 2129 1231 2149 non
1246 2130 1347 2150 raucae
1373 2118 1521 2150 Palatin.
1543 2127 1652 2148 raucas
1666 2117 1798 2147 volucres

1100 2172 1208 2201 olores
1239 2171 1327 2202 dixit
1355 2172 1465 2209 Maro,
1495 2170 1567 2201 AEn.
1591 2179 1652 2200 vu.
1683 2172 1799 2199 noster

1098 2231 1222 2252 raucam
1239 2222 1394 2252 Padusam
1418 2220 1459 2250 ob
1476 2219 1638 2249 oloriunm
1654 2227 1797 2248 concen-

1099 2276 1180 2302 tum.
1191 2270 1322 2301 Auctor
1332 2268 1508 2308 Pervigilii
1522 2268 1683 2298 Veneris:
1701 2267 1798 2298 ‘Jam

1097 2321 1256 2360 loquaces
1273 2329 1329 2349 ore
1352 2328 1453 2349 rauco
1469 2322 1589 2356 stagna
1605 2317 1704 2356 cygni
1721 2325 1797 2357 per-

1099 2369 1277 2408 strepunt!
1301 2370 1344 2399 D.
1364 2368 1476 2398 Ilcins.

1145 2422 1204 2448 tus
1232 2419 1358 2458 Ereptis
1381 2418 1531 2448 obmutuit
1557 2418 1639 2446 unda
1655 2415 1800 2456 querelis]

1097 2468 1251 2508 Abruptis
1287 2468 1392 2507 magis
1431 2468 1571 2507 plucct3
1618 2471 1655 2497 ut
1690 2466 1794 2497 alibi:

1097 2521 1105 2535 ‘
1125 2519 1294 2558 abrumpit
1322 2524 1430 2548 mutus
1469 2518 1501 2547 in
1531 2516 1588 2547 fila
1615 2515 1795 2557 querelas!

1097 2568 1236 2607 Statius,
1259 2568 1364 2599 Theb.
1384 2577 1430 2597 vi.
1456 2567 1526 2598 ‘sic
1554 2566 1624 2597 fata
1650 2572 1795 2606 repente

1097 2618 1267 2657 Concidit,
1292 2618 1512 2658 abruptisque
1540 2617 1711 2647 immutuit
1735 2625 1793 2647 ore

1096 2667 1263 2708 querelis.'
1309 2667 1383 2699 Lib.
1408 2676 1441 2697 v.
1466 2666 1638 2698 ‘moriens
1661 2666 1793 2706 vagitus

1096 2718 1128 2750 iu
1146 2727 1243 2749 auras
1259 2717 1412 2758 Excidit,
1433 2721 1469 2750 et
1493 2717 1600 2758 ruptis
1622 2716 1793 2748 immutuit
