1763 3116
519 187 581 218 DE
616 185 772 215 BELLO
804 184 996 213 GETlCO.

80 284 215 315 Patuere
240 282 373 322 retecto]
408 281 501 320 Lego
528 283 656 319 resecto,
681 280 734 310 vel

36 336 108 367 sine
125 336 284 376 scriptis;
308 334 372 364 duo
386 331 545 363 Vaticani
563 336 672 361 tamen
688 340 735 361 re-

35 390 133 425 cepto.
179 385 358 426 Apuleius,
386 382 472 413 libro
510 390 557 412 iv.
593 381 736 412 Metam.

35 439 43 452 ⁸
63 436 184 466 Lanius
202 435 299 475 paulo
317 433 476 464 fidentior
493 436 592 462 utero
616 431 735 462 bestia}

36 491 168 517 resecto
194 494 271 516 ursa
296 482 513 523 magnificum
531 483 736 523 despoliavit

37 534 228 565 latronem!
252 534 294 564 D.
314 533 427 564 Heius.

77 587 137 615 261
159 585 289 614 Romulo
304 583 418 622 virtus]
439 584 600 614 Romana.
619 583 735 613 Barth.

77 637 139 665 262
149 635 254 665 Malus
267 634 418 674 interpres
431 644 533 664 rerum
546 633 657 672 metus]
673 633 737 663 Pa-

36 686 158 726 pinius,
181 686 238 717 lib.
255 694 308 716 ιιι.
333 688 340 702 ‘
360 685 533 715 Pessimus
564 685 596 715 in
627 684 738 714 dubiis

37 745 143 776 augur
187 735 327 766 Timor.’
397 736 536 775 Quippe
573 735 737 765 rationem

39 785 192 823 turbans,
223 785 438 825 prudentiam
471 791 506 815 et
537 785 739 825 sapientiam

38 840 281 875 expectet-ans,
313 840 349 866 nt
381 845 422 867 cx
446 836 554 866 Ennio
584 835 738 865 relatum.

43 885 140 917 Idem.

81 936 142 964 265
170 934 254 964 Tunc
270 937 415 974 reputant
441 934 551 974 annos]
586 934 639 964 Ad
667 934 739 964 illos

38 993 144 1024 usque
157 984 197 1014 ab
211 985 293 1014 urbe
308 984 455 1022 condita,
467 993 548 1024 quos
562 983 740 1023 praescrip-

39 1037 154 1064 serant
188 1043 346 1073 augures,
376 1033 531 1063 nimirum
556 1033 605 1063 M.
633 1033 670 1063 C.
701 1033 739 1062 C.

39 1083 250 1119 Censorinus,
269 1092 342 1123 cap.
361 1086 412 1113 17.
462 1083 534 1114 Nec
551 1092 631 1113 sane
659 1083 742 1112 mul-

40 1138 108 1164 tum
125 1133 243 1164 aberat
260 1133 315 1163 ille
330 1132 444 1164 fatalis
457 1134 563 1171 lime&
588 1143 662 1163 nam
679 1134 744 1163 Sti-

39 1183 170 1214 lichone
182 1188 216 1214 et
235 1183 424 1214 Aureliano
448 1184 543 1214 Coss.
558 1184 629 1214 haec
645 1188 743 1223 gesta

41 1238 132 1272 sunt,
151 1233 250 1264 Anno
268 1234 369 1264 Urbis
388 1242 548 1264 ³1.c.1.11.

84 1283 320 1323 Inter-ceptoque
341 1285 443 1313 volatu
466 1282 621 1322 Vulturis]
666 1283 742 1313 Hoc

42 1339 107 1372 est,
127 1333 170 1364 oh
188 1338 297 1364 metus
323 1333 586 1371 vehementiam,
617 1333 746 1363 demse-

42 1389 121 1414 runt
152 1384 201 1414 illi
238 1385 408 1414 vulturum
436 1383 588 1423 Augurio
617 1384 746 1424 aliquot

43 1443 159 1473 annos,
189 1443 229 1464 ne
262 1442 344 1464 ¹wtcc.
373 1434 419 1463 illi
450 1433 685 1473 implerentur,
712 1438 747 1464 et

43 1484 168 1523 clades,
195 1490 287 1514 metu
315 1493 456 1523 augure,
485 1484 692 1523 anticiparet
711 1484 747 1513 li-

44 1535 174 1573 mitem,
198 1543 329 1565 xm’iu.
346 1534 408 1574 ipsi
428 1533 505 1564 anni
519 1534 567 1563 sic
586 1533 747 1573 decerpe-

44 1585 177 1615 bantur.
202 1584 316 1615 Barth.

85 1636 148 1664 266
177 1634 331 1674 Vulturis]
355 1634 487 1664 Bonum
515 1632 669 1676 felixque
696 1644 749 1665 au-

46 1684 192 1724 gurium.
239 1684 416 1724 Papinius,
442 1685 525 1715 libro
553 1694 606 1716 ιιι.
643 1687 652 1702 ‘
672 1686 748 1716 Non

46 1734 138 1765 lenit
154 1735 287 1773 augurii
305 1735 422 1766 melior
439 1745 538 1776 quam
563 1736 690 1774 vultur,
714 1740 750 1766 et

47 1784 125 1815 altis
153 1784 308 1825 Desuper
337 1786 518 1826 accipitres
533 1787 750 1816 exsultavere

49 1833 199 1874 rapinis!
226 1834 321 1865 Idem.

91 1886 152 1915 267
177 1883 267 1915 Solus
282 1887 348 1915 erat
358 1883 505 1924 Stilicho]
529 1885 662 1916 Eximia
679 1886 750 1916 laus

48 1934 162 1965 divino
176 1935 325 1965 carmine
343 1936 530 1975 celebrata,
542 1941 580 1966 ut
595 1936 648 1966 hic
665 1936 753 1966 liber

50 1984 223 2023 egregium
254 1985 344 2024 Epos
371 1990 441 2021 cst3
473 1986 660 2026 haustaque
687 1985 753 2015 ista

51 2042 92 2062 ex
110 2033 255 2074 Papinio
272 2043 326 2064 111.
346 2034 454 2064 Theb.
467 2038 541 2065 (ios.
587 2037 672 2065 Sane
685 2035 752 2065 vic-

54 2084 96 2113 tis
128 2083 249 2114 Gothis
274 2089 470 2115 coronatum
494 2085 634 2116 rediisse
662 2086 754 2117 Stili-

53 2134 195 2165 chonem
224 2135 287 2175 (ita
304 2137 392 2166 enim
409 2136 579 2176 capienda
594 2138 664 2177 ejus
683 2147 754 2168 ver-

56 2183 113 2223 ba)
136 2185 254 2215 scribit
275 2186 428 2216 Zosimus
456 2196 532 2217 cum
561 2192 634 2218 toto
660 2197 757 2218 exer-

55 2235 135 2267 citu.
163 2236 256 2267 Idem.

98 2288 161 2316 268
186 2287 321 2317 Meliora
351 2286 457 2327 manu]
519 2288 590 2318 Sibi
622 2289 757 2329 suisque

56 2335 138 2366 felix
157 2338 331 2377 augurium
347 2349 450 2369 manu
468 2338 589 2370 fecisse
601 2339 759 2370 Stilicho-

58 2396 132 2416 nem
164 2388 294 2419 virtute
324 2396 602 2430 perrumpentem
631 2395 759 2421 metum

59 2442 93 2466 et
109 2438 270 2478 pericula,
285 2439 382 2471 dicit.
406 2441 501 2472 Idem.

102 2491 166 2518 209
190 2488 266 2520 Dux
289 2490 370 2520 idem
396 2491 552 2532 vatesque]
589 2493 633 2523 Et
660 2502 761 2532 spon-

62 2537 144 2567 dens
165 2539 317 2577 meliora,
340 2550 405 2572 non
423 2543 568 2582 perculsi
585 2543 686 2573 animi
703 2553 760 2574 ex-

63 2588 186 2627 emplO,
213 2594 248 2620 et
272 2590 416 2622 adversa
442 2591 627 2633 profligans
660 2604 760 2624 manu

65 2643 166 2678 atque
183 2639 302 2671 animo.

109 2688 232 2718 Durate
246 2691 426 2730 parumper]
462 2692 591 2723 Securo
620 2699 760 2733 pectore

64 2739 136 2779 ipse
155 2744 326 2780 prascepta
341 2739 400 2771 dat
422 2741 645 2774 animositatis
662 2749 762 2776 caete-

1376 172 1486 214 1561

787 279 843 309 ris.
868 278 982 309 Barth.

828 330 892 358 270
917 325 1122 357 Muliebribus
1143 323 1288 364 querelis]
1335 323 1390 355 Ad
1420 335 1490 356 mn·

788 378 888 408 lieres
903 376 1144 417 reinissis‚quae
1154 374 1237 405 nihil
1248 380 1370 406 norunt
1384 376 1489 406 aliud.

789 427 886 458 Idem.

830 480 890 508 271
919 477 1066 508 Fatorum
1079 477 1242 507 toleremus
1254 477 1343 517 onus]
1365 476 1491 509 Stoice.

792 528 890 559 Idem.

832 581 895 609 274
923 578 1000 608 Toto
1016 578 1152 617 pectore]
1177 576 1279 607 Omni
1296 576 1338 607 vi.
1370 577 1469 608 Idem.

835 628 965 658 Pectore
980 627 1057 667 niti]
1084 626 1205 656 Robore
1221 626 1389 657 meliores.
1406 626 1493 657 vidit

791 678 1056 718 Raphelengius.
1080 677 1163 707 Mox
1180 676 1270 706 idem
1287 677 1388 707 etiam
1406 677 1493 707 bene

791 739 867 758 cnm
900 729 1037 769 scriptis
1069 728 1140 758 Non
1172 728 1200 758 si
1225 727 1368 768 perfidio.
1423 727 1493 758 Pro

790 789 964 810 succurrere
981 779 1066 818 velis,
1080 779 1171 819 prior
1183 778 1310 809 Moreti
1322 778 1492 808 succedere.

792 829 835 859 D.
853 829 972 859 Heius.

833 881 897 909 276
923 878 1247 918 Exliauriresretum]
1287 877 1410 917 Aquam
1426 886 1495 907 ma·

793 929 897 958 rinam
913 929 988 958 navi
1006 937 1160 968 egerere.
1185 929 1301 959 Barth.

834 982 896 1009 278
921 977 1117 1008 Penetrabite
1155 978 1288 1017 tempus]
1344 977 1496 1017 Tempus

793 1027 1023 1067 penetrabile,
1041 1032 1156 1066 aptum
1170 1032 1352 1067 penetrare
1365 1026 1499 1065 Gothis,

792 1078 912 1108 laxatis
950 1079 1106 1108 nimirum
1139 1078 1296 1108 excubiis
1328 1077 1498 1108 Romanis.

794 1127 895 1158 Idem.

835 1181 898 1208 282
925 1178 1009 1209 Galle
1025 1178 1162 1219 reperto]
1196 1178 1293 1209 Invio
1318 1178 1498 1217 hactenus,

794 1228 883 1269 quod
912 1228 998 1260 fecit
1022 1230 1209 1261 Hannibal.
1262 1228 1429 1270 Loquitur
1453 1227 1499 1258 de

797 1279 948 1310 Maximo
971 1285 1005 1310 et
1023 1281 1188 1321 Eugenio,
1212 1289 1355 1321 quorum
1386 1288 1499 1310 exem-

797 1329 865 1368 plo,
896 1334 973 1368 post
1009 1330 1178 1370 inruptam
1206 1330 1344 1361 Italiam
1371 1329 1502 1370 pariter

797 1388 975 1416 caesorum,
991 1381 1182 1411 consolatur
1195 1382 1368 1420 populum.
1403 1381 1501 1412 Idem.

842 1430 904 1458 254
930 1428 1022 1458 Nunc
1036 1438 1106 1459 vero
1119 1429 1269 1469 geminis]
1314 1430 1501 1461 Maximum

800 1482 834 1507 et
859 1478 1049 1516 Eugenium
1077 1479 1217 1509 indicat.
1249 1479 1390 1518 legimus
1421 1489 1502 1510 vero

802 1527 976 1558 Alaricum
995 1528 1037 1558 ab
1055 1529 1200 1560 Oriente
1217 1539 1292 1559 cum
1309 1528 1503 1560 Theodosio

801 1577 946 1614 venisse,
972 1588 1095 1617 magna
1123 1589 1222 1609 manu
1239 1579 1427 1610 Gothorum
1446 1580 1503 1610 sti-

801 1633 930 1667 patum,
953 1627 1041 1658 unde
1056 1628 1120 1669 ipsi
1137 1628 1273 1669 Alpium
1290 1629 1357 1660 iter
1374 1630 1505 1661 innotu-

801 1678 880 1708 erit.
908 1679 1032 1709 Cliti-er.

845 1730 906 1758 285
933 1728 1111 1768 Famosum]
1136 1729 1282 1760 Celebre
1304 1740 1380 1760 cum
1411 1736 1505 1763 nota.

802 1779 877 1808 Vox
896 1778 985 1809 iuter
1003 1779 1150 1819 pretium
1177 1784 1212 1810 et
1237 1780 1422 1811 convitium
1451 1780 1505 1810 hie

803 1827 925 1859 media.
948 1829 1066 1860 Barth.

846 1883 909 1911 256
937 1881 1179 1922 l'roestructum]
1219 1882 1506 1914 Praeinstructum

805 1930 902 1961 bellis
935 1931 1090 1962 civilibus
1117 1932 1241 1963 itinere
1273 1937 1507 1973 tyrannorum,

805 1990 871 2020 qua
887 1980 954 2011 iter
979 1981 1226 2021 capessendum
1251 1987 1343 2013 esset
1367 1982 1408 2012 ad
1436 1982 1507 2013 lta-

805 2031 880 2061 liam
899 2031 1155 2071 penetrandam.
1182 2032 1280 2062 Idem.

847 2084 909 2112 287
930 2081 1105 2121 Aditusque
1122 2081 1304 2121 sequendos]
1343 2081 1450 2112 Aldus
1474 2086 1509 2112 et

808 2133 900 2173 prior
918 2132 1045 2162 Mon-eti
1058 2133 1222 2162 secandos:
1246 2138 1283 2162 ut
1300 2132 1390 2172 alibi,
1404 2133 1412 2148 ‘
1430 2132 1511 2162 Bar-

808 2183 891 2213 bara
907 2181 1068 2212 fulmineo
1086 2181 1196 2212 secuit
1223 2182 1371 2212 tentoria
1387 2182 1510 2214 cursu.’

808 2234 890 2264 Tres
907 2233 1127 2263 aliisecundos.
1154 2233 1198 2262 D.
1218 2232 1335 2263 Heius.

853 2282 1047 2323 Sequendos]
1071 2284 1262 2322 Παθητικῶς,
1278 2292 1346 2313 non
1361 2283 1431 2313 sine
1449 2293 1511 2313 usu

811 2333 935 2374 prisco,
962 2333 1079 2363 Barth.

853 2387 915 2414 288
941 2383 1114 2414 Bar-burico
1134 2383 1271 2414 Romana
1286 2382 1387 2422 dedit]
1420 2384 1515 2414 Sum-

812 2443 901 2464 mum
929 2433 1116 2463 Politicum
1149 2433 1314 2464 monitum
1344 2438 1395 2464 est
1425 2433 1515 2474 qnod

812 2484 864 2514 hic
883 2484 1004 2524 tangit.
1051 2484 1104 2514 Sic
1120 2483 1306 2524 Imperium
1326 2484 1513 2514 Romanum

811 2544 887 2565 cum
919 2543 1085 2564 summum
1113 2533 1246 2564 culmen
1282 2533 1516 2564 adscendisset

812 2594 1011 2616 conversum
1027 2585 1061 2615 in
1075 2593 1109 2614 se
1125 2590 1322 2624 magnatum
1336 2582 1515 2613 discordia.

813 2635 914 2666 Idem.

856 2689 916 2716 291
943 2686 1097 2716 Senonum
1110 2683 1276 2723 sanguine]
1296 2682 1437 2713 Vindice
1455 2681 1519 2710 Ca-

813 2737 918 2767 millo.
942 2735 1010 2767 Ubi
1024 2740 1138 2767 tamen
1157 2735 1262 2766 omnis
1279 2734 1436 2772 majestas
1452 2741 1518 2763 uua
