1763 3116
256 139 318 169 DE
352 136 514 169 RAPTU
549 133 784 166 PROSERP.
820 133 914 162 [ΑΒ.
949 131 980 162 1.
1015 129 1231 161 PRAEFAT.

27 241 116 263 nune
133 232 271 272 majora,
295 236 330 262 et
349 231 444 270 Opus
459 227 628 268 egregium
644 235 722 257 con-

27 282 109 312 dere
143 282 242 320 velle,
267 281 354 312 unde
386 279 523 319 gloriam
550 276 614 307 sibi
633 277 722 306 inter

28 333 138 372 prima
159 331 292 362 nomina
313 332 499 360 consecret.
544 326 723 366 Apparere

28 387 141 412 antem
171 380 270 410 facile
306 379 383 408 hinc
422 381 535 417 potest
558 385 624 406 non
650 376 723 406 vilis

28 441 141 471 operae
164 439 247 470 opus
275 427 494 458 Claudianum
518 426 723 466 suscepisse,

28 486 66 510 ut
83 485 117 510 et
143 477 330 518 propositio
348 477 472 515 arguit,
488 480 592 506 totam
610 474 726 504 videli-

27 536 82 561 cet
101 530 175 560 vitae
192 529 346 558 humanae
366 528 538 557 meliorem
556 525 725 556 fortunam

27 584 62 610 et
89 578 301 618 disciplinam
332 582 547 608 cantaturum
565 576 725 617 pollicen-

27 631 83 661 tis.
106 629 222 660 Barth.

69 679 283 718 Proserpinae
301 683 433 718 raptus,
453 678 536 709 trita
552 677 725 708 veteribus

27 731 155 769 fabula,
181 731 240 762 dat
263 731 355 771 operi
372 740 514 760 nomen:
542 739 639 770 quem
668 729 727 759 Ni-

29 784 207 814 comachus
239 782 372 822 pinxit:
406 782 494 811 Plin.
534 789 646 810 xxxv.
676 782 726 810 16.

28 833 219 864 Praxiteles
233 842 273 862 ex
289 841 356 862 aere
367 831 464 861 finxit
475 842 482 861 ι
495 830 583 861 idem
598 838 726 860 xxxiv.

28 885 58 913 8.
80 883 139 913 sed
163 892 225 912 nec
257 882 352 920 hujus
377 881 468 911 color
496 885 530 910 et
553 881 727 920 juventus,

27 941 90 963 nec
106 932 195 962 illius
212 932 346 969 coelum,
362 940 436 960 cum
450 929 573 959 divinis
590 929 727 960 Claudi-

28 981 81 1013 ani
109 981 261 1011 versibus
292 979 439 1010 conferri
469 983 619 1019 possunt.
665 980 727 1009 Fa-

27 1031 136 1062 bulam
164 1029 238 1060 fuse
262 1029 475 1069 descripsere
501 1028 603 1060 Ovid.
620 1029 677 1059 lil).
692 1038 726 1058 v.

29 1081 169 1112 Metam.
186 1080 268 1110 Fab.
286 1083 316 1110 6.
334 1085 368 1110 et
386 1080 478 1110 Fast.
495 1079 555 1111 lib.
571 1088 619 1109 ιν.
637 1079 727 1110 Tull.

29 1135 95 1161 act.
121 1133 151 1161 6.
178 1130 211 1160 ὶη
230 1130 265 1160 C.
292 1130 433 1160 Verrem
451 1141 458 1168 ;
481 1130 537 1170 qui
555 1135 668 1160 tamen
686 1139 729 1159 ex

29 1181 237 1211 Ennensium
271 1190 407 1210 nemore
437 1185 569 1220 raptam
600 1190 618 1210 a
643 1180 729 1211 Dite

28 1231 194 1270 virginem
232 1230 434 1267 contendit3
470 1234 588 1261 nostro
624 1231 730 1260 recla-

29 1287 156 1320 mante,
171 1281 227 1321 qui
244 1281 303 1310 snb
324 1281 419 1311 AEtna
435 1281 467 1310 id
485 1280 614 1311 factum
632 1281 704 1310 vult
722 1292 729 1310 :

29 1332 84 1362 cui
98 1331 192 1362 favet
208 1330 394 1368 Diodorus,
412 1340 460 1361 vr.
485 1334 514 1361 2.
543 1330 732 1370 Argumen-

32 1388 103 1412 tum
130 1387 242 1412 autem
266 1386 343 1420 pete
371 1391 412 1410 ex
439 1381 556 1410 Servio
585 1380 627 1410 ad
651 1379 731 1410 illud

31 1432 154 1469 Georg.
172 1440 196 1462 1.
226 1433 234 1447 ‘
252 1432 324 1462 Nec
350 1431 500 1470 repetita
523 1430 617 1470 sequi
635 1434 733 1461 curet

30 1481 235 1520 Proserpina
245 1480 412 1510 matrem.'
429 1480 677 1519 Mythologiam
691 1489 732 1509 ex

31 1530 204 1562 Plutarch.
235 1530 294 1559 lib.
333 1529 400 1569 περ).
422 1529 478 1559 τοῦ
514 1527 734 1567 ἐμφαινομένου

31 1580 191 1621 προσώπου
205 1581 247 1619 τῷ
262 1579 365 1619 κύκλῳ
377 1581 433 1616 τῆς
449 1578 594 1616 σελήνης.
619 1580 734 1620 Demp-

31 1636 105 1663 ster.

75 1686 92 1713 l
119 1682 262 1720 Inventa,
274 1682 344 1722 8502]
361 1681 472 1712 Maria
488 1681 630 1711 navibus
641 1681 734 1712 adire

32 1733 211 1765 Phoenicas
224 1732 419 1770 instituisse,
433 1732 526 1762 Mela
537 1737 655 1762 auctor
670 1736 734 1762 est.

33 1784 79 1814 Et
115 1783 290 1814 Tibullus:
320 1782 459 1812 ‘Prima
489 1787 594 1812 ratem
626 1782 735 1812 ventis

35 1835 174 1866 credere
191 1834 292 1865 docta
304 1833 437 1874 Tyros.'

78 1883 222 1924 Inventa]
245 1884 449 1924 Excogitata
467 1895 474 1914 τ
503 1883 639 1914 invenire
655 1893 737 1923 ergo

35 1939 71 1966 et
85 1935 221 1974 reperire
238 1934 300 1964 hoc
317 1934 407 1964 inter
423 1943 458 1964 se
475 1934 616 1973 distant,
644 1933 737 1974 qnod

36 1985 181 2015 alterum
209 1983 310 2014 studii
339 1984 396 2021 sit,
419 1984 562 2014 alterum
579 1982 738 2014 fortunae.

35 2034 92 2065 Sic
123 2034 223 2065 Ovid.
256 2035 265 2050 ‘
283 2033 338 2064 Tu
360 2043 426 2063 non
448 2033 597 2073 inventa,
626 2043 740 2074 reper-

40 2089 74 2115 ta
90 2083 151 2115 es.’

82 2133 294 2173 Profundum]
318 2133 429 2164 Mare.
462 2134 613 2165 Parrhas.

79 2188 99 2216 2
125 2184 266 2216 Rudibus
277 2184 383 2223 remis]
407 2184 506 2215 Rude
520 2185 740 2226 estquicquid

37 2236 252 2276 inexpertum
284 2235 467 2274 propositae
498 2235 547 2265 rei
571 2239 635 2273 est,
652 2235 742 2265 ideo-

40 2295 103 2327 que
120 2286 160 2316 ad
177 2294 250 2316 eam
269 2285 422 2323 ineptum
448 2285 562 2317 etiam.
607 2285 663 2316 Sic
692 2296 744 2316 rn-

39 2337 100 2367 des
130 2336 213 2366 remi
240 2336 302 2366 hoc
328 2336 413 2373 loco,
445 2340 480 2366 et
504 2335 589 2366 rude
611 2345 742 2376 aequor,

40 2395 107 2416 non
152 2385 329 2415 adsuetum
380 2385 543 2416 vehendis
591 2386 743 2417 navibus.

45 2435 161 2466 Barth.

85 2483 240 2522 Rudibus]
266 2484 343 2514 Non
371 2484 566 2516 elaboratis.
613 2484 666 2515 Ad
694 2485 744 2525 ip-

43 2544 95 2564 sos
113 2533 215 2564 etiam
232 2533 381 2563 homiues
398 2533 517 2565 referri
535 2539 662 2574 potest,
687 2536 744 2576 qui

45 2589 115 2615 tum
158 2583 381 2621 navigationis
418 2594 484 2614 non
524 2585 605 2614 satis
643 2586 746 2625 periti

44 2637 153 2664 erant.
197 2632 252 2662 Sic
271 2632 371 2663 Ovid.
395 2634 403 2650 ‘
422 2633 510 2664 Vela
541 2633 646 2665 dabat
669 2645 747 2666 veu-

42 2684 99 2724 tis,
115 2692 177 2714 nec
196 2682 275 2713 dum
291 2682 377 2713 bene
392 2689 533 2715 noverat
550 2684 649 2718 illos.’

1361 120 1472 162 1621

815 224 1018 264 Sollicitavit]
1039 223 1095 254 Sic
1112 226 1239 254 terram
1251 226 1385 253 vertere
1400 233 1474 262 pro-

774 276 846 316 prie
861 275 1026 306 sollicitare
1038 274 1175 304 dicitur.
1218 272 1391 303 Tibullus:
1407 274 1415 288 ‘
1430 274 1474 303 Et

775 330 927 356 teneram
963 324 1055 354 ferro
1091 322 1290 354 sollicitavit
1317 322 1477 351 humum.’

776 374 1000 415 Componitur
1031 384 1073 404 ex
1097 374 1157 403 solo
1180 376 1216 403 et
1236 372 1311 408 cito,
1329 379 1390 411 pro
1406 380 1477 401 mo-

775 434 864 455 veo:
898 425 995 454 solum
1026 433 1120 462 vern,
1155 422 1256 453 maris
1294 421 1395 452 etiam
1420 430 1478 450 no·

778 484 865 506 men.
889 474 1011 514 Virgil.
1025 475 1034 491 ‘
1050 473 1336 513 Subtrahiturque
1348 470 1476 502 solum.'

782 525 928 556 Purrhas.

841 575 1031 606 Sollicitavit
1059 575 1168 615 aquas]
1211 572 1397 604 Sollicitari
1435 572 1478 602 ad

778 625 1015 656 difficultatem
1034 625 1199 666 pertinet,
1212 625 1253 655 al)
1266 623 1421 654 animatis
1436 622 1480 654 ad

778 675 927 706 inanima
943 676 1150 706 traductum.
1179 675 1296 705 Barth.

822 729 840 756 3
864 725 1128 765 Dnbiisflatibus]
1163 724 1336 755 Incertam
1364 726 1482 753 vento-

780 785 852 805 rum
884 775 986 806 tidem
1016 776 1187 805 incessere
1218 774 1301 811 vult,
1323 778 1361 804 ut
1388 772 1482 803 dubia

780 825 886 855 omnis
903 830 1146 865 tempestatum
1163 825 1223 856 vis.
1253 825 1351 854 Idem.

822 875 938 914 Ausus]
977 876 1143 908 Quoniam
1178 885 1249 905 rem
1276 874 1415 904 arduam
1446 876 1483 903 et

778 926 1009 956 inconcessam
1049 925 1206 955 tentavit.
1266 925 1322 954 Sic
1359 923 1483 954 Horat.

776 976 785 991 ‘
801 974 1059 1005 Audax...Gens
1073 975 1217 1005 humana
1234 973 1301 1004 ruit
1318 983 1380 1013 per
1396 972 1485 1003 veti·

781 1030 851 1056 tum
867 1024 986 1056 nefas!

824 1075 955 1115 Dubiis]
979 1074 1140 1113 Incertis,
1168 1073 1258 1114 quod
1274 1072 1376 1103 iidem
1400 1080 1484 1102 sem—

781 1135 842 1166 per
866 1135 933 1156 non
971 1126 1120 1165 spirant:
1161 1129 1195 1155 et
1219 1124 1276 1164 qui
1309 1132 1345 1153 se
1374 1122 1484 1152 ventis

782 1176 999 1207 committunt
1023 1176 1056 1206 in
1086 1174 1187 1206 dubio
1216 1174 1319 1205 vitam
1347 1173 1485 1204 habent.

782 1226 935 1256 Purrhus.

829 1274 1043 1313 committere]
1067 1273 1163 1304 Fidei
1181 1273 1273 1304 velut
1287 1281 1402 1303 eorum
1416 1280 1488 1302 cre-

785 1324 879 1354 dere.

827 1373 957 1413 Aluum]
982 1374 1151 1412 Lucanus,
1168 1373 1224 1404 lib.
1243 1381 1297 1402 111.
1328 1372 1337 1388 ‘
1357 1375 1392 1402 et
1407 1369 1488 1402 fluc-

785 1424 875 1454 tibus
889 1425 1001 1464 aptior
1016 1424 1133 1454 alnus!
1157 1423 1274 1454 Barth.

827 1477 847 1504 4
865 1474 990 1503 Natura
1004 1473 1112 1512 negat]
1136 1474 1198 1504 Uti
1214 1474 1340 1504 clarum
1358 1481 1400 1502 ex
1417 1480 1491 1502 cor-

786 1531 916 1562 porum,
944 1527 981 1552 ut
1005 1523 1189 1553 Christiani
1211 1523 1406 1563 loquuntur,
1419 1520 1490 1551 fac-

789 1578 874 1604 tura.
891 1572 1054 1603 Similiter
1082 1572 1115 1602 in
1140 1573 1205 1602 alia
1233 1582 1268 1602 re
1287 1571 1463 1604 Juvenalis
1483 1582 1490 1601 :

787 1626 795 1641 ‘
814 1624 848 1654 Si
864 1629 985 1654 natura
997 1627 1113 1662 negat,
1126 1621 1406 1661 facitindignatio
1417 1629 1491 1650 ver-

788 1673 883 1705 snm.'
920 1674 1067 1704 Veteres
1081 1683 1159 1704 vero
1172 1673 1381 1712 navigiorum
1395 1680 1493 1701 usum

789 1730 909 1756 contra
926 1725 1138 1755 voluntatem
1156 1725 1308 1754 Deorum
1325 1726 1360 1752 et
1377 1720 1494 1752 condi-

790 1776 916 1806 tionem
953 1775 1108 1806 humanae
1150 1779 1279 1804 uaturae
1317 1773 1494 1803 inventum

789 1826 936 1857 aiebant.
966 1826 1063 1856 Idem.

833 1881 850 1907 5
879 1876 1066 1916 Tranquillis
1078 1873 1182 1913 undis]
1198 1874 1325 1905 Lacum
1338 1874 1396 1902 aut
1406 1874 1497 1910 stag·

790 1937 870 1957 num
890 1926 1064 1965 intelligit.

837 1976 981 2007 Credidit
997 1974 1102 2014 undis]
1140 1973 1318 2006 Commisit
1334 1973 1438 2004 vitam
1455 1971 1495 2001 iis

791 2036 895 2058 suam.
934 2026 983 2056 Ut
998 2025 1231 2064 navigantium
1248 2023 1423 2055 audaciam
1439 2021 1497 2052 de-

794 2077 945 2108 scribant
962 2075 1096 2114 Poetae,
1113 2074 1255 2105 credere
1272 2083 1305 2103 se
1323 2082 1379 2104 eos
1402 2071 1498 2102 aiunt

792 2127 964 2166 fluctibus,
991 2126 1114 2162 ventis,
1140 2124 1238 2163 mari,
1266 2132 1408 2164 quorum
1432 2130 1500 2151 om-

793 2179 885 2208 nium
913 2183 1026 2209 tamen
1053 2176 1175 2207 nullam
1205 2183 1343 2215 prorsus
1369 2181 1440 2203 esse
1461 2170 1499 2201 fi-

794 2229 871 2259 dem
902 2227 1026 2258 nemini
1055 2236 1120 2256 non
1152 2229 1297 2256 constet.
1341 2223 1497 2254 Seneca:

795 2279 803 2295 ‘
833 2279 988 2308 Animam
1020 2276 1151 2307 levibus
1197 2273 1343 2306 credidit
1377 2271 1501 2303 Auris:

795 2329 914 2359 Barth.

838 2381 858 2409 6
885 2378 1011 2408 Littera
1034 2386 1137 2408 securo
1165 2374 1293 2406 tramite
1319 2383 1438 2404 summa
1461 2372 1501 2402 le-

793 2428 884 2468 gens]
920 2429 1028 2458 Vetus
1058 2426 1146 2457 liber
1168 2424 1354 2455 Vossianus
1378 2425 1502 2453 secreto.

796 2478 1027 2509 Prudentius:
1061 2478 1070 2494 ‘
1088 2475 1228 2507 Invenit
1244 2474 1435 2514 expositam
1453 2480 1502 2501 se-

797 2529 883 2560 creti
901 2530 934 2560 in
951 2528 1076 2559 littoris
1093 2525 1191 2558 acta!
1218 2523 1399 2565 Apuleius,
1413 2521 1502 2552 Met.

798 2592 832 2613 x.
848 2582 909 2613 sub
923 2580 1044 2612 finem:
1060 2580 1068 2596 ‘
1081 2580 1194 2610 electo
1204 2580 1338 2608 secreto
1354 2576 1470 2605 littore
1484 2572 1505 2602 ι’

799 2632 849 2662 sic
866 2635 902 2661 et
918 2631 1009 2671 apud
1024 2630 1103 2660 Val.
1132 2628 1306 2665 Flaccum,
1335 2625 1422 2655 libro
1446 2630 1502 2652 111.

799 2689 809 2705 ‘
825 2688 909 2718 Tum
939 2690 1073 2718 secreta
1102 2684 1236 2715 trahens
1262 2681 1444 2713 Phoebeum
1460 2677 1502 2708 ad
