1859 3148
330 154 443 196 1622

328 257 431 288 litora
444 257 625 297 Mopsum)
652 257 697 287 D.
717 254 828 285 Heius.

370 306 484 338 Securo
499 306 640 344 tramite]
682 305 805 335 Trames
829 303 895 333 iter
911 307 963 334 est
979 306 1029 333 tu-

328 359 399 387 tum
418 366 477 396 per
490 357 617 386 medios
632 352 1026 394 errores,ambiguasque

330 406 412 437 vias.

368 457 495 487 Littera
511 454 627 493 legens]
655 454 804 484 Nautica
825 453 964 492 locutio,
979 452 1028 484 ἆν-

325 507 356 537 τὶ
372 508 546 547 pamm-ire,
558 506 702 535 transire.
726 505 888 544 Virgilius
903 516 909 535 :
934 507 943 522 ⁶
958 505 1027 536 Lit-

327 563 467 597 toraqnc
490 556 581 595 Epiri
600 555 763 593 legimus!
791 556 906 586 Barth.

368 607 491 637 Littora
507 605 639 644 summa]
670 606 757 636 Mari
775 611 809 636 et
825 611 924 637 terrae
949 616 1026 637 con-

327 656 416 687 finia.
448 656 563 686 Parrh.

368 709 386 736 7
410 705 532 744 Longos
560 709 681 736 tentare
700 707 798 746 sinus]
828 706 1026 745 Immensos,

324 756 532 796 longinquos.
558 756 614 786 Sic
629 756 730 796 μακρὰ
746 755 890 786 θάλασσα
906 755 1025 786 Poe'tis

325 806 535 837 Graecorum.
568 806 684 837 Barth.

365 856 475 895 Sinus]
505 856 673 887 Littorum
692 855 800 887 flexus
824 860 859 886 et
883 864 957 886 oras
980 855 1027 885 in-

324 907 428 937 terius
443 907 654 943 recedentes,
668 916 748 947 quas
761 906 879 938 Graeci
893 905 1028 936 κόλπους

322 957 507 997 appellant.
532 957 649 987 Parrh.

369 1010 388 1037 8
415 1007 493 1037 Lem·
520 1007 625 1047 σαφῆ]
658 1007 818 1038 Nondum
846 1016 944 1037 ausus
972 1016 1026 1036 ve-

323 1055 486 1095 hementi,
515 1056 662 1086 tentavit
686 1057 795 1095 primo
822 1056 885 1086 leni
911 1061 1025 1095 veum,

323 1106 489 1145 quomodo
504 1107 579 1136 vela
595 1106 736 1136 credere
754 1110 877 1145 posset.
907 1106 1023 1137 Barth.

365 1158 385 1185 9
430 1156 598 1185 Paullatim
633 1155 782 1195 proeceps]
827 1155 1027 1193 Audaciam,

324 1215 397 1245 quae
412 1211 578 1245 perpetuo
591 1216 744 1246 praeceps
756 1210 822 1244 est,
835 1215 922 1236 nunc
937 1206 1028 1245 paul-

322 1255 417 1286 latim
452 1257 602 1286 crevisse
641 1255 727 1285 dicit
765 1255 807 1285 de
847 1254 1025 1285 industria.

324 1305 419 1335 Idem.

366 1354 511 1392 Proeceps
536 1353 680 1392 audacia]
711 1354 796 1384 Quae
821 1351 902 1381 nibil
927 1351 1025 1390 pensi

321 1404 436 1441 babet,
464 1408 499 1434 et
526 1403 638 1433 omnia
662 1408 788 1432 temere
815 1401 1024 1441 aggreditur.

322 1454 471 1485 Parrlzas.

367 1504 509 1544 Proeccps
535 1504 666 1534 audacia
691 1502 804 1541 crevit]
829 1501 1025 1532 Enstatbins

321 1552 506 1584 Swartbius
525 1554 557 1583 in
575 1552 766 1589 Analectis‚
782 1556 818 1581 et
835 1552 924 1582 curis
938 1553 1026 1591 prio-

321 1603 412 1633 ribus
425 1603 777 1642 Bartbius‚legunt‚iu
787 1611 941 1641 proeceps,·
958 1612 1024 1633 nou

320 1662 452 1693 sequor.
477 1653 548 1683 Lib.
567 1662 590 1683 1.
608 1652 639 1682 iu
658 1651 769 1682 Rufin.
802 1652 810 1668 ‘
829 1661 922 1682 caeco
937 1661 1026 1692 prze-

320 1712 400 1742 ceps
417 1702 559 1732 audacia
575 1701 691 1732 vultn.’
716 1701 912 1732 Ammianus
930 1702 1022 1732 Mar-

319 1752 473 1791 cellinus,
486 1752 506 1783 l.
519 1760 605 1782 xxx.
624 1752 631 1768 ‘
648 1752 777 1783 Horum
792 1752 1021 1783 obstinatione

317 1802 511 1833 libertatem
530 1803 714 1841 temeritas,
727 1803 950 1833 constantiam
967 1813 1022 1833 au-

320 1852 417 1882 dacia
452 1861 621 1892 praeceps‚
653 1853 883 1892 eloquentiam
914 1853 1020 1884 inanis

319 1900 475 1941 quaedam
503 1901 655 1932 imitatur
677 1901 816 1933 fluentia
838 1903 1020 1944 loquendi.'

317 1951 391 1981 Lib.
410 1959 471 1982 xx.
493 1953 502 1968 ⁴
521 1951 744 1991 Defensores,
761 1953 794 1983 ni
812 1953 1023 1994 vigilassent,

318 2001 458 2031 exitium
484 2000 601 2032 adfore
621 2002 694 2042 jam
713 2008 901 2043 speranteS‚
918 2005 951 2035 in
969 2015 1023 2035 an-

318 2049 448 2080 daciam
467 2060 563 2081 ruerc
581 2052 812 2091 praecipitem.'
837 2053 937 2085 Ovid.
954 2054 1023 2084 Ha-

319 2100 415 2130 lieut.
439 2101 446 2116 ‘
467 2101 551 2132 Qum
574 2101 644 2131 laus
672 2102 778 2140 prima
802 2112 933 2143 canum,
951 2104 1022 2145 qui·

319 2149 380 2179 bus
406 2153 457 2180 est
481 2150 623 2180 audacia
649 2151 828 2191 praeceps.’
871 2153 926 2184 Ita
941 2164 1021 2194 μνω-

319 2209 388 2239 ceps
415 2201 549 2232 amentia
571 2206 607 2232 et
633 2202 786 2234 discordia
814 2203 936 2236 Statio.
975 2205 1019 2236 D.

322 2250 432 2282 Heius.

559 163 701 195 NorAE
735 160 1001 193 VARIORUM
1036 162 1087 192 m
1123 162 1196 193 ct..
1229 162 1415 193 cmun-
1448 150 1623 193 xxxn.

1129 257 1167 286 10
1201 255 1427 295 Languentem]
1462 254 1525 287 Qui
1558 258 1696 294 torpore
1724 264 1785 285 uon

1084 304 1214 344 alligat,
1229 311 1264 336 et
1281 306 1417 343 ignavos
1434 304 1557 335 reddit.
1586 304 1733 335 Parrhas.

1124 354 1309 385 Dedidicere
1320 354 1447 394 metum]
1469 355 1543 385 Non
1562 354 1695 394 quidem
1708 363 1783 385 eum

1081 402 1284 443 didicerant,
1297 404 1354 434 sed
1371 411 1481 435 tamen
1498 403 1679 439 habebant,
1694 412 1785 433 nem·

1082 462 1124 492 pe
1141 463 1160 483 a
1176 460 1305 485 natura.
1345 454 1513 484 Dediscere
1538 463 1622 491 rem,
1638 457 1690 483 est
1706 462 1782 483 eam

1082 504 1258 542 paullatim
1293 505 1435 534 scicntia
1466 509 1502 534 et
1538 514 1598 534 usu
1625 504 1785 534 amittere

1081 558 1139 583 aut
1155 553 1339 593 deponere.
1368 554 1484 584 Barth.

1126 606 1159 634 11
1189 604 1263 633 Jam
1294 614 1391 642 vagus
1419 605 1535 643 irrupit
1565 603 1688 643 pelago]
1720 603 1785 634 Ea·-

1080 653 1177 682 sultat
1190 652 1399 692 Isingrinu53
1424 653 1617 692 eleganter;
1642 656 1680 682 ut
1693 651 1784 691 apud

1081 701 1184 732 Ovid.
1201 702 1287 731 Met.
1303 701 1359 731 lib.
1380 710 1403 732 1.
1428 702 1436 717 ‘
1456 700 1633 731 Fluctibus
1662 700 1784 739 ignotis

1080 751 1286 781 insultavere
1303 750 1425 780 carinae
1440 750 1462 780 :'
1487 754 1523 780 et
1539 749 1629 789 apud
1653 749 1784 788 Silium,

1080 800 1140 830 lib.
1156 808 1230 831 xiv.
1262 800 1270 816 ‘
1288 800 1460 830 Insultant
1486 799 1616 840 pariter
1640 798 1784 839 pelago!

1081 852 1149 881 Pro
1166 851 1285 890 irrupit
1314 850 1466 890 plerique
1490 854 1603 880 tamen
1621 848 1786 889 irrumpit:

1081 906 1116 931 et
1129 902 1257 940 pelagus
1273 900 1338 930 duo
1356 900 1477 930 Petav.
1495 909 1570 930 cum
1589 908 1653 929 nno
1673 898 1783 930 Medi·

1080 961 1160 989 ce03
1185 950 1273 991 qnod
1290 954 1443 990 praestat.
1467 949 1522 980 Sic
1542 949 1693 980 ‘Intacti
1708 958 1784 980 cum

1080 1002 1233 1032 claustra
1244 1000 1324 1031 freti
1337 999 1487 1031 ...audax
1506 1000 1707 1039 irrumperet
1721 999 1785 1030 Ar-

1075 1051 1139 1090 g0‚‘
1155 1051 1241 1082 bello
1256 1051 1333 1081 Get.
1352 1051 1396 1080 Et
1412 1050 1501 1080 bello
1517 1049 1610 1080 Gild.
1628 1053 1636 1066 ‘
1654 1049 1784 1090 talique

1077 1111 1238 1141 supernas
1261 1101 1424 1140 Irrnmpit
1441 1101 1587 1130 clamore
1612 1099 1721 1129 fores.⁷
1749 1103 1786 1129 et

1081 1154 1090 1168 ‘
1108 1152 1227 1182 cohors
1248 1155 1391 1190 experta
1417 1154 1558 1189 pontum
1586 1149 1785 1188 irrumpere’

1081 1202 1202 1239 Statio,
1222 1210 1270 1231 vx.
1286 1199 1390 1230 Theb.
1414 1199 1460 1229 D.
1479 1199 1591 1230 Heius.

1126 1252 1244 1291 Irrupit
1262 1250 1394 1289 pelago]
1429 1250 1605 1291 l’apinim,
1626 1249 1715 1280 libro
1735 1259 1784 1280 vr.

1076 1301 1084 1317 ‘
1107 1306 1246 1341 pontum
1276 1301 1461 1340 irrumpere
1490 1299 1580 1331 freta
1616 1299 1785 1340 Longius.'

1080 1350 1196 1380 Barth.

1124 1399 1290 1439 Exsultat]
1327 1399 1524 1430 Parrhasius
1554 1400 1620 1440 leg.
1650 1399 1784 1439 Irrupit,

1080 1460 1111 1490 q.
1130 1450 1160 1480 d.
1181 1455 1301 1480 contra
1328 1454 1459 1480 naturae
1477 1449 1586 1480 foedus
1609 1449 1732 1480 invasit
1749 1453 1784 1480 et

1080 1499 1286 1538 penetravit.

1124 1549 1295 1588 L'oelumque
1307 1548 1443 1588 secutus]
1468 1549 1654 1587 Eleganter
1665 1547 1783 1579 Nanta

1079 1598 1200 1629 coelnm
1229 1598 1325 1637 sequi
1353 1597 1493 1636 dicitnr,
1521 1597 1577 1637 qui
1607 1597 1650 1626 ab
1680 1597 1781 1628 astris

1080 1649 1218 1689 pendet,
1235 1653 1272 1678 ut
1289 1648 1437 1688 loquitur
1451 1647 1610 1677 Valerius
1624 1647 1780 1678 Flaccus.

1078 1699 1195 1729 Barth.

1120 1754 1158 1781 12
1183 1751 1311 1790 AEga’as
1325 1748 1463 1791 hyemes]
1496 1749 1595 1780 Mare
1613 1749 1779 1789 AEgaeum,

1076 1801 1174 1841 cujus
1213 1804 1437 1840 tempestates
1477 1808 1539 1838 pro
1580 1799 1778 1830 saevioribus

1076 1851 1219 1890 Poeti53
1265 1851 1343 1891 quia
1375 1851 1524 1890 AEgaeum
1553 1859 1644 1880 mare
1673 1848 1780 1880 turbi-

1076 1901 1261 1931 dissimum.
1295 1900 1415 1941 Jnngit
1432 1909 1513 1931 vero
1529 1899 1679 1939 AEgaeum
1695 1898 1779 1930 mari

1077 1952 1185 1990 Ionio,
1202 1951 1290 1992 qnod
1309 1955 1534 1991 tempestates
1560 1954 1627 1980 tam
1645 1953 1780 1981 atroces

1077 2002 1158 2032 inibi
1176 2002 1255 2032 oriri
1284 2000 1534 2040 consueverint,
1550 2005 1587 2031 nt
1615 2000 1780 2031 miscean-

1079 2056 1132 2082 tur
1150 2052 1213 2091 ipsi
1227 2052 1273 2081 illi
1291 2051 1391 2081 sinus.
1415 2051 1514 2081 Idem.

1119 2104 1248 2141 AEgoeas
1263 2102 1383 2142 hyemes
1396 2102 1559 2142 Ioniusque
1569 2100 1688 2141 domat]
1703 2100 1778 2132 Sta-

1076 2153 1140 2183 tius
1155 2152 1403 2193 Propemptieo
1417 2152 1587 2192 Crispini:
1612 2153 1621 2169 ‘
1637 2152 1709 2183 Ceu
1725 2161 1778 2182 su-

1076 2214 1138 2244 per
1166 2205 1296 2244 AEgaeas
1327 2205 1465 2244 hyemes
1495 2203 1649 2234 abeuntis
1678 2203 1776 2234 amici

1075 2254 1164 2285 Vela
1181 2253 1323 2295 sequar!
1348 2254 1392 2285 D.
1410 2253 1521 2284 Heius.
