<?xml version="1.0" encoding="UTF-8"?>
<!DOCTYPE html PUBLIC "-//W3C//DTD XHTML 1.0 Transitional//EN"
    "http://www.w3.org/TR/xhtml1/DTD/xhtml1-transitional.dtd">
<html xmlns="http://www.w3.org/1999/xhtml" xml:lang="en" lang="en">
 <head>
  <title>
</title>
<meta http-equiv="Content-Type" content="text/html;charset=utf-8" />
  <meta name='ocr-system' content='tesseract 3.04.00' />
  <meta name='ocr-capabilities' content='ocr_page ocr_carea ocr_par ocr_line ocrx_word'/>
</head>
<body>
  <div class='ocr_page' id='page_1' title='image "./operaomniaexedit04clauuoft_0055.png"; bbox 0 0 1763 3116; ppageno 0'>
   <div class='ocr_carea' id='block_1_1' title="bbox 365 181 890 216">
    <p class='ocr_par' dir='ltr' id='par_1_1' title="bbox 365 181 890 216">
     <span class='ocr_line' id='line_1_1' title="bbox 365 181 890 216; baseline -0.013 0"><span class='ocrx_word' id='word_1_1' title='bbox 365 187 413 216; x_wconf 83' lang='lat' dir='ltr'>IN</span> <span class='ocrx_word' id='word_1_2' title='bbox 452 187 478 216; x_wconf 88' lang='lat'>1.</span> <span class='ocrx_word' id='word_1_3' title='bbox 511 183 646 214; x_wconf 78' lang='lat' dir='ltr'>CONS.</span> <span class='ocrx_word' id='word_1_4' title='bbox 679 181 890 211; x_wconf 81' lang='lat' dir='ltr'>STlLlCll.</span> 
     </span>
    </p>
   </div>
   <div class='ocr_carea' id='block_1_2' title="bbox 10 277 738 2766">
    <p class='ocr_par' dir='ltr' id='par_1_2' title="bbox 10 277 710 712">
     <span class='ocr_line' id='line_1_2' title="bbox 56 277 708 323; baseline -0.011 -9"><span class='ocrx_word' id='word_1_5' title='bbox 56 282 169 314; x_wconf 78' lang='lat' dir='ltr'><em>Gratia</em></span> <span class='ocrx_word' id='word_1_6' title='bbox 195 282 280 323; x_wconf 71' lang='lat' dir='ltr'>anni]</span> <span class='ocrx_word' id='word_1_7' title='bbox 313 280 528 321; x_wconf 82' lang='lat' dir='ltr'>Symmachus</span> <span class='ocrx_word' id='word_1_8' title='bbox 552 278 593 309; x_wconf 85' lang='lat' dir='ltr'>ad</span> <span class='ocrx_word' id='word_1_9' title='bbox 616 277 708 309; x_wconf 92' lang='lat' dir='ltr'>Stili-</span> 
     </span>
     <span class='ocr_line' id='line_1_3' title="bbox 10 327 709 370; baseline -0.01 -5"><span class='ocrx_word' id='word_1_10' title='bbox 10 334 151 365; x_wconf 80' lang='lat' dir='ltr'>chonem</span> <span class='ocrx_word' id='word_1_11' title='bbox 167 344 173 363; x_wconf 90' lang='lat'>:</span> <span class='ocrx_word' id='word_1_12' title='bbox 191 335 199 350; x_wconf 92' lang='lat'>‘</span> <span class='ocrx_word' id='word_1_13' title='bbox 218 332 310 364; x_wconf 84' lang='lat' dir='ltr'>Nihil</span> <span class='ocrx_word' id='word_1_14' title='bbox 323 331 362 361; x_wconf 84' lang='lat' dir='ltr'>ad</span> <span class='ocrx_word' id='word_1_15' title='bbox 378 329 595 370; x_wconf 74' lang='lat' dir='ltr'>integrandas</span> <span class='ocrx_word' id='word_1_16' title='bbox 608 327 709 359; x_wconf 90' lang='lat' dir='ltr'>homi-</span> 
     </span>
     <span class='ocr_line' id='line_1_4' title="bbox 13 379 708 419; baseline -0.01 -5"><span class='ocrx_word' id='word_1_17' title='bbox 13 394 90 414; x_wconf 90' lang='lat' dir='ltr'>num</span> <span class='ocrx_word' id='word_1_18' title='bbox 108 384 257 414; x_wconf 73' lang='lat' dir='ltr'>fortunas</span> <span class='ocrx_word' id='word_1_19' title='bbox 275 380 456 410; x_wconf 81' lang='lat' dir='ltr'>virtutibus</span> <span class='ocrx_word' id='word_1_20' title='bbox 482 379 547 409; x_wconf 80' lang='lat' dir='ltr'>tuis</span> <span class='ocrx_word' id='word_1_21' title='bbox 574 388 708 419; x_wconf 86' lang='lat' dir='ltr'>promp-</span> 
     </span>
     <span class='ocr_line' id='line_1_5' title="bbox 14 428 709 471; baseline -0.009 -7"><span class='ocrx_word' id='word_1_22' title='bbox 14 435 100 471; x_wconf 85' lang='lat' dir='ltr'>tius;</span> <span class='ocrx_word' id='word_1_23' title='bbox 120 442 218 463; x_wconf 69' lang='lat' dir='ltr'>noros</span> <span class='ocrx_word' id='word_1_24' title='bbox 248 429 487 460; x_wconf 81' lang='lat' dir='ltr'>beneficiorum</span> <span class='ocrx_word' id='word_1_25' title='bbox 516 428 638 469; x_wconf 81' lang='lat' dir='ltr'>gradus</span> <span class='ocrx_word' id='word_1_26' title='bbox 662 428 709 458; x_wconf 88' lang='lat' dir='ltr'>in-</span> 
     </span>
     <span class='ocr_line' id='line_1_6' title="bbox 12 482 710 519; baseline -0.01 -5"><span class='ocrx_word' id='word_1_27' title='bbox 12 484 129 519; x_wconf 82' lang='lat' dir='ltr'>venis3</span> <span class='ocrx_word' id='word_1_28' title='bbox 155 482 399 511; x_wconf 75' lang='lat' dir='ltr'>inconstantem</span> <span class='ocrx_word' id='word_1_29' title='bbox 426 485 526 519; x_wconf 85' lang='lat' dir='ltr'>putas</span> <span class='ocrx_word' id='word_1_30' title='bbox 549 488 710 517; x_wconf 80' lang='lat' dir='ltr'>amorem,</span> 
     </span>
     <span class='ocr_line' id='line_1_7' title="bbox 11 529 710 575; baseline -0.009 -11"><span class='ocrx_word' id='word_1_31' title='bbox 11 534 68 575; x_wconf 83' lang='lat' dir='ltr'>qui</span> <span class='ocrx_word' id='word_1_32' title='bbox 94 533 337 563; x_wconf 74' lang='lat' dir='ltr'>incrementum</span> <span class='ocrx_word' id='word_1_33' title='bbox 365 539 430 560; x_wconf 92' lang='lat' dir='ltr'>non</span> <span class='ocrx_word' id='word_1_34' title='bbox 459 530 573 569; x_wconf 82' lang='lat' dir='ltr'>capit3</span> <span class='ocrx_word' id='word_1_35' title='bbox 599 532 633 559; x_wconf 91' lang='lat' dir='ltr'>tu</span> <span class='ocrx_word' id='word_1_36' title='bbox 662 529 710 558; x_wconf 86' lang='lat' dir='ltr'>in-</span> 
     </span>
     <span class='ocr_line' id='line_1_8' title="bbox 10 577 710 618; baseline -0.007 -5"><span class='ocrx_word' id='word_1_37' title='bbox 10 586 233 614; x_wconf 69' lang='lat' dir='ltr'>strumentum</span> <span class='ocrx_word' id='word_1_38' title='bbox 261 580 337 610; x_wconf 89' lang='lat' dir='ltr'>boni</span> <span class='ocrx_word' id='word_1_39' title='bbox 363 580 500 618; x_wconf 75' lang='lat' dir='ltr'>saeculi3</span> <span class='ocrx_word' id='word_1_40' title='bbox 524 584 591 610; x_wconf 78' lang='lat' dir='ltr'>tuae</span> <span class='ocrx_word' id='word_1_41' title='bbox 613 577 710 608; x_wconf 86' lang='lat' dir='ltr'>fami-</span> 
     </span>
     <span class='ocr_line' id='line_1_9' title="bbox 11 626 710 671; baseline -0.007 -9"><span class='ocrx_word' id='word_1_42' title='bbox 11 632 64 662; x_wconf 82' lang='lat' dir='ltr'>liae</span> <span class='ocrx_word' id='word_1_43' title='bbox 79 631 235 670; x_wconf 86' lang='lat' dir='ltr'>debetur,</span> <span class='ocrx_word' id='word_1_44' title='bbox 260 629 416 671; x_wconf 83' lang='lat' dir='ltr'>quicquid</span> <span class='ocrx_word' id='word_1_45' title='bbox 438 628 560 669; x_wconf 82' lang='lat' dir='ltr'>singuli</span> <span class='ocrx_word' id='word_1_46' title='bbox 576 626 710 659; x_wconf 61' lang='lat' dir='ltr'>sumus!</span> 
     </span>
     <span class='ocr_line' id='line_1_10' title="bbox 15 682 136 712; baseline 0 0"><span class='ocrx_word' id='word_1_47' title='bbox 15 682 136 712; x_wconf 77' lang='lat' dir='ltr'>Clarer.</span> 
     </span>
    </p>

    <p class='ocr_par' dir='ltr' id='par_1_3' title="bbox 13 727 716 1011">
     <span class='ocr_line' id='line_1_11' title="bbox 56 727 712 769; baseline -0.008 -7"><span class='ocrx_word' id='word_1_48' title='bbox 56 735 114 762; x_wconf 80' lang='grc'>157</span> <span class='ocrx_word' id='word_1_49' title='bbox 139 731 299 761; x_wconf 72' lang='lat' dir='ltr'>Jm-meum</span> <span class='ocrx_word' id='word_1_50' title='bbox 327 728 454 769; x_wconf 74' lang='lat' dir='ltr'>soepius]</span> <span class='ocrx_word' id='word_1_51' title='bbox 493 727 712 768; x_wconf 83' lang='lat' dir='ltr'>Arrogantia,</span> 
     </span>
     <span class='ocr_line' id='line_1_12' title="bbox 13 779 714 822; baseline -0.006 -9"><span class='ocrx_word' id='word_1_52' title='bbox 13 789 50 814; x_wconf 87' lang='lat' dir='ltr'>et</span> <span class='ocrx_word' id='word_1_53' title='bbox 75 781 294 822; x_wconf 76' lang='lat' dir='ltr'>exprobratio</span> <span class='ocrx_word' id='word_1_54' title='bbox 321 779 562 810; x_wconf 81' lang='lat' dir='ltr'>beneficiorum</span> <span class='ocrx_word' id='word_1_55' title='bbox 587 779 714 809; x_wconf 88' lang='lat' dir='ltr'>odiosa.</span> 
     </span>
     <span class='ocr_line' id='line_1_13' title="bbox 15 828 714 868; baseline -0.009 -5"><span class='ocrx_word' id='word_1_56' title='bbox 15 832 118 864; x_wconf 79' lang='lat' dir='ltr'>Nulla</span> <span class='ocrx_word' id='word_1_57' title='bbox 137 841 188 861; x_wconf 77' lang='lat' dir='ltr'>res</span> <span class='ocrx_word' id='word_1_58' title='bbox 206 830 321 860; x_wconf 85' lang='lat' dir='ltr'>auditu</span> <span class='ocrx_word' id='word_1_59' title='bbox 340 828 595 867; x_wconf 80' lang='lat' dir='ltr'>intolerabilior,</span> <span class='ocrx_word' id='word_1_60' title='bbox 616 837 714 868; x_wconf 87' lang='lat' dir='ltr'>quam</span> 
     </span>
     <span class='ocr_line' id='line_1_14' title="bbox 16 879 714 922; baseline -0.004 -11"><span class='ocrx_word' id='word_1_61' title='bbox 16 883 65 913; x_wconf 77' lang='lat' dir='ltr'>sui</span> <span class='ocrx_word' id='word_1_62' title='bbox 92 882 195 922; x_wconf 63' lang='lat' dir='ltr'>ip=ius</span> <span class='ocrx_word' id='word_1_63' title='bbox 222 880 394 910; x_wconf 78' lang='lat' dir='ltr'>exaltatio.</span> <span class='ocrx_word' id='word_1_64' title='bbox 448 879 554 910; x_wconf 79' lang='lat' dir='ltr'>Nam:</span> <span class='ocrx_word' id='word_1_65' title='bbox 591 880 599 895; x_wconf 94' lang='lat'>‘</span> <span class='ocrx_word' id='word_1_66' title='bbox 618 879 714 909; x_wconf 82' lang='lat' dir='ltr'>istaec</span> 
     </span>
     <span class='ocr_line' id='line_1_15' title="bbox 15 928 716 967; baseline -0.007 -4"><span class='ocrx_word' id='word_1_67' title='bbox 15 930 292 963; x_wconf 80' lang='lat' dir='ltr'>commemoratio</span> <span class='ocrx_word' id='word_1_68' title='bbox 310 929 414 961; x_wconf 83' lang='lat' dir='ltr'>Quasi</span> <span class='ocrx_word' id='word_1_69' title='bbox 430 928 647 967; x_wconf 78' lang='lat' dir='ltr'>exprobratio</span> <span class='ocrx_word' id='word_1_70' title='bbox 664 932 716 958; x_wconf 85' lang='lat' dir='ltr'>est</span> 
     </span>
     <span class='ocr_line' id='line_1_16' title="bbox 14 976 564 1011; baseline -0.009 0"><span class='ocrx_word' id='word_1_71' title='bbox 14 979 216 1011; x_wconf 75' lang='lat' dir='ltr'>immemoris</span> <span class='ocrx_word' id='word_1_72' title='bbox 236 976 417 1008; x_wconf 66' lang='lat' dir='ltr'>beneficii!</span> <span class='ocrx_word' id='word_1_73' title='bbox 449 977 564 1006; x_wconf 83' lang='lat' dir='ltr'>Barth.</span> 
     </span>
    </p>

    <p class='ocr_par' dir='ltr' id='par_1_4' title="bbox 15 1025 714 1112">
     <span class='ocr_line' id='line_1_17' title="bbox 58 1025 714 1066; baseline -0.008 -5"><span class='ocrx_word' id='word_1_74' title='bbox 58 1033 119 1061; x_wconf 79' lang='lat'>158</span> <span class='ocrx_word' id='word_1_75' title='bbox 144 1029 228 1063; x_wconf 84' lang='lat' dir='ltr'>Quos</span> <span class='ocrx_word' id='word_1_76' title='bbox 253 1025 454 1066; x_wconf 67' lang='lat' dir='ltr'>promereris]</span> <span class='ocrx_word' id='word_1_77' title='bbox 481 1026 647 1056; x_wconf 83' lang='lat' dir='ltr'>Evexeris</span> <span class='ocrx_word' id='word_1_78' title='bbox 673 1025 714 1056; x_wconf 84' lang='lat' dir='ltr'>ad</span> 
     </span>
     <span class='ocr_line' id='line_1_18' title="bbox 15 1079 299 1112; baseline -0.014 -2"><span class='ocrx_word' id='word_1_79' title='bbox 15 1081 166 1112; x_wconf 64' lang='lat' dir='ltr'>honores.</span> <span class='ocrx_word' id='word_1_80' title='bbox 202 1079 299 1108; x_wconf 82' lang='lat' dir='ltr'>Idem.</span> 
     </span>
    </p>

    <p class='ocr_par' dir='ltr' id='par_1_5' title="bbox 17 1124 717 1220">
     <span class='ocr_line' id='line_1_19' title="bbox 59 1124 717 1166; baseline -0.009 -6"><span class='ocrx_word' id='word_1_81' title='bbox 59 1132 120 1160; x_wconf 81' lang='lat'>159</span> <span class='ocrx_word' id='word_1_82' title='bbox 154 1129 265 1158; x_wconf 83' lang='lat' dir='ltr'>Flatus</span> <span class='ocrx_word' id='word_1_83' title='bbox 293 1125 465 1166; x_wconf 67' lang='lat' dir='ltr'>Attalum]</span> <span class='ocrx_word' id='word_1_84' title='bbox 502 1124 640 1156; x_wconf 88' lang='lat' dir='ltr'>Inanem</span> <span class='ocrx_word' id='word_1_85' title='bbox 666 1134 717 1155; x_wconf 89' lang='lat' dir='ltr'>su·</span> 
     </span>
     <span class='ocr_line' id='line_1_20' title="bbox 17 1178 310 1220; baseline -0.017 -9"><span class='ocrx_word' id='word_1_86' title='bbox 17 1179 181 1220; x_wconf 84' lang='lat' dir='ltr'>perbiain.</span> <span class='ocrx_word' id='word_1_87' title='bbox 214 1178 310 1207; x_wconf 79' lang='lat' dir='ltr'>Idem.</span> 
     </span>
    </p>

    <p class='ocr_par' dir='ltr' id='par_1_6' title="bbox 19 1224 723 1569">
     <span class='ocr_line' id='line_1_21' title="bbox 60 1224 719 1268; baseline -0.008 -8"><span class='ocrx_word' id='word_1_88' title='bbox 60 1232 121 1260; x_wconf 83' lang='lat'>160</span> <span class='ocrx_word' id='word_1_89' title='bbox 148 1229 216 1268; x_wconf 76' lang='lat' dir='ltr'>Ipsa</span> <span class='ocrx_word' id='word_1_90' title='bbox 242 1225 385 1266; x_wconf 75' lang='lat' dir='ltr'>superbia</span> <span class='ocrx_word' id='word_1_91' title='bbox 415 1226 517 1266; x_wconf 79' lang='lat' dir='ltr'>longe]</span> <span class='ocrx_word' id='word_1_92' title='bbox 549 1224 719 1265; x_wconf 79' lang='lat' dir='ltr'>Superbia</span> 
     </span>
     <span class='ocr_line' id='line_1_22' title="bbox 19 1275 719 1310; baseline -0.009 0"><span class='ocrx_word' id='word_1_93' title='bbox 19 1279 139 1310; x_wconf 82' lang='lat' dir='ltr'>Comes</span> <span class='ocrx_word' id='word_1_94' title='bbox 170 1276 356 1308; x_wconf 71' lang='lat' dir='ltr'>felicitatis.</span> <span class='ocrx_word' id='word_1_95' title='bbox 401 1275 597 1306; x_wconf 87' lang='lat' dir='ltr'>Salvianus:</span> <span class='ocrx_word' id='word_1_96' title='bbox 629 1275 719 1305; x_wconf 88' lang='lat' dir='ltr'>‘Pe-</span> 
     </span>
     <span class='ocr_line' id='line_1_23' title="bbox 21 1325 721 1368; baseline -0.006 -9"><span class='ocrx_word' id='word_1_97' title='bbox 21 1329 175 1368; x_wconf 75' lang='lat' dir='ltr'>disscqua</span> <span class='ocrx_word' id='word_1_98' title='bbox 201 1328 401 1367; x_wconf 81' lang='lat' dir='ltr'>plerumque</span> <span class='ocrx_word' id='word_1_99' title='bbox 420 1325 496 1356; x_wconf 84' lang='lat' dir='ltr'>novi</span> <span class='ocrx_word' id='word_1_100' title='bbox 513 1326 648 1356; x_wconf 90' lang='lat' dir='ltr'>honoris</span> <span class='ocrx_word' id='word_1_101' title='bbox 670 1329 721 1355; x_wconf 88' lang='lat' dir='ltr'>est</span> 
     </span>
     <span class='ocr_line' id='line_1_24' title="bbox 21 1375 721 1418; baseline -0.007 -8"><span class='ocrx_word' id='word_1_102' title='bbox 21 1377 250 1418; x_wconf 74' lang='lat' dir='ltr'>Arrogantia.’</span> <span class='ocrx_word' id='word_1_103' title='bbox 275 1375 473 1416; x_wconf 83' lang='lat' dir='ltr'>Superbiam</span> <span class='ocrx_word' id='word_1_104' title='bbox 491 1380 527 1406; x_wconf 88' lang='lat' dir='ltr'>ut</span> <span class='ocrx_word' id='word_1_105' title='bbox 544 1376 721 1414; x_wconf 87' lang='lat' dir='ltr'>plurimum</span> 
     </span>
     <span class='ocr_line' id='line_1_25' title="bbox 20 1425 723 1460; baseline -0.007 -1"><span class='ocrx_word' id='word_1_106' title='bbox 20 1430 118 1460; x_wconf 68' lang='lat' dir='ltr'>mala»</span> <span class='ocrx_word' id='word_1_107' title='bbox 147 1433 180 1458; x_wconf 87' lang='lat' dir='ltr'>ct</span> <span class='ocrx_word' id='word_1_108' title='bbox 210 1428 383 1457; x_wconf 74' lang='lat' dir='ltr'>sceleratae</span> <span class='ocrx_word' id='word_1_109' title='bbox 414 1425 489 1455; x_wconf 78' lang='lat' dir='ltr'>vitae</span> <span class='ocrx_word' id='word_1_110' title='bbox 514 1433 666 1454; x_wconf 79' lang='lat' dir='ltr'>caussam</span> <span class='ocrx_word' id='word_1_111' title='bbox 688 1428 723 1454; x_wconf 80' lang='lat' dir='ltr'>ct</span> 
     </span>
     <span class='ocr_line' id='line_1_26' title="bbox 20 1474 722 1520; baseline -0.01 -10"><span class='ocrx_word' id='word_1_112' title='bbox 20 1478 221 1520; x_wconf 84' lang='lat' dir='ltr'>principium</span> <span class='ocrx_word' id='word_1_113' title='bbox 258 1477 337 1506; x_wconf 89' lang='lat' dir='ltr'>dare</span> <span class='ocrx_word' id='word_1_114' title='bbox 374 1475 494 1505; x_wconf 84' lang='lat' dir='ltr'>scribit</span> <span class='ocrx_word' id='word_1_115' title='bbox 536 1474 722 1513; x_wconf 78' lang='lat' dir='ltr'>Gregorius</span> 
     </span>
     <span class='ocr_line' id='line_1_27' title="bbox 21 1523 722 1569; baseline -0.009 -9"><span class='ocrx_word' id='word_1_116' title='bbox 21 1529 195 1569; x_wconf 73' lang='lat' dir='ltr'>Nyssenus</span> <span class='ocrx_word' id='word_1_117' title='bbox 213 1527 245 1556; x_wconf 92' lang='lat' dir='ltr'>iu</span> <span class='ocrx_word' id='word_1_118' title='bbox 262 1526 332 1556; x_wconf 88' lang='lat' dir='ltr'>vita</span> <span class='ocrx_word' id='word_1_119' title='bbox 345 1523 599 1563; x_wconf 82' lang='lat' dir='ltr'>&#39;I&#39;liaumaturgi.</span> <span class='ocrx_word' id='word_1_120' title='bbox 623 1523 722 1554; x_wconf 78' lang='lat' dir='ltr'>Idem.</span> 
     </span>
    </p>

    <p class='ocr_par' dir='ltr' id='par_1_7' title="bbox 20 1573 724 1908">
     <span class='ocr_line' id='line_1_28' title="bbox 66 1573 722 1614; baseline -0.009 -7"><span class='ocrx_word' id='word_1_121' title='bbox 66 1580 126 1608; x_wconf 79' lang='grc'>162</span> <span class='ocrx_word' id='word_1_122' title='bbox 152 1577 340 1613; x_wconf 72' lang='lat' dir='ltr'>Contingere</span> <span class='ocrx_word' id='word_1_123' title='bbox 361 1573 491 1614; x_wconf 72' lang='lat' dir='ltr'>passim]</span> <span class='ocrx_word' id='word_1_124' title='bbox 515 1573 593 1604; x_wconf 79' lang='lat' dir='ltr'>Non</span> <span class='ocrx_word' id='word_1_125' title='bbox 619 1576 655 1602; x_wconf 90' lang='lat' dir='ltr'>ut</span> <span class='ocrx_word' id='word_1_126' title='bbox 673 1576 722 1611; x_wconf 71' lang='lat' dir='ltr'>ty-</span> 
     </span>
     <span class='ocr_line' id='line_1_29' title="bbox 20 1623 723 1665; baseline -0.011 -5"><span class='ocrx_word' id='word_1_127' title='bbox 20 1628 116 1660; x_wconf 86' lang='lat' dir='ltr'>ranni</span> <span class='ocrx_word' id='word_1_128' title='bbox 135 1627 254 1665; x_wconf 80' lang='lat' dir='ltr'>solent,</span> <span class='ocrx_word' id='word_1_129' title='bbox 272 1634 411 1665; x_wconf 79' lang='lat' dir='ltr'>quorum</span> <span class='ocrx_word' id='word_1_130' title='bbox 435 1623 588 1653; x_wconf 76' lang='lat' dir='ltr'>dextram</span> <span class='ocrx_word' id='word_1_131' title='bbox 618 1623 723 1653; x_wconf 79' lang='lat' dir='ltr'>conti-</span> 
     </span>
     <span class='ocr_line' id='line_1_30' title="bbox 23 1673 722 1719; baseline -0.011 -10"><span class='ocrx_word' id='word_1_132' title='bbox 23 1678 111 1719; x_wconf 73' lang='lat' dir='ltr'>gisse</span> <span class='ocrx_word' id='word_1_133' title='bbox 130 1687 206 1717; x_wconf 83' lang='lat' dir='ltr'>pars</span> <span class='ocrx_word' id='word_1_134' title='bbox 223 1675 326 1705; x_wconf 81' lang='lat' dir='ltr'>fucrit</span> <span class='ocrx_word' id='word_1_135' title='bbox 343 1674 426 1709; x_wconf 62' lang='lat' dir='ltr'>voti,</span> <span class='ocrx_word' id='word_1_136' title='bbox 443 1678 480 1703; x_wconf 88' lang='lat' dir='ltr'>ut</span> <span class='ocrx_word' id='word_1_137' title='bbox 497 1673 587 1712; x_wconf 86' lang='lat' dir='ltr'>apud</span> <span class='ocrx_word' id='word_1_138' title='bbox 610 1673 722 1703; x_wconf 86' lang='lat' dir='ltr'>Maro-</span> 
     </span>
     <span class='ocr_line' id='line_1_31' title="bbox 21 1722 722 1763; baseline -0.009 -5"><span class='ocrx_word' id='word_1_139' title='bbox 21 1736 120 1758; x_wconf 87' lang='lat' dir='ltr'>nem:</span> <span class='ocrx_word' id='word_1_140' title='bbox 149 1728 156 1742; x_wconf 93' lang='lat'>‘</span> <span class='ocrx_word' id='word_1_141' title='bbox 174 1726 259 1755; x_wconf 79' lang='lat' dir='ltr'>Pars</span> <span class='ocrx_word' id='word_1_142' title='bbox 276 1724 354 1754; x_wconf 88' lang='lat' dir='ltr'>mihi</span> <span class='ocrx_word' id='word_1_143' title='bbox 379 1723 469 1763; x_wconf 78' lang='lat' dir='ltr'>pacis</span> <span class='ocrx_word' id='word_1_144' title='bbox 487 1722 551 1752; x_wconf 87' lang='lat' dir='ltr'>erit</span> <span class='ocrx_word' id='word_1_145' title='bbox 568 1722 722 1753; x_wconf 77' lang='lat' dir='ltr'>dextram</span> 
     </span>
     <span class='ocr_line' id='line_1_32' title="bbox 24 1773 724 1816; baseline -0.007 -8"><span class='ocrx_word' id='word_1_146' title='bbox 24 1776 177 1816; x_wconf 78' lang='lat' dir='ltr'>tetigisse</span> <span class='ocrx_word' id='word_1_147' title='bbox 212 1773 368 1815; x_wconf 55' lang='lat' dir='ltr'>tyranni?</span> <span class='ocrx_word' id='word_1_148' title='bbox 416 1773 632 1813; x_wconf 64' lang='lat' dir='ltr'>Ubicunque,</span> <span class='ocrx_word' id='word_1_149' title='bbox 665 1774 724 1810; x_wconf 84' lang='lat' dir='ltr'>ait,</span> 
     </span>
     <span class='ocr_line' id='line_1_33' title="bbox 24 1824 723 1864; baseline -0.007 -6"><span class='ocrx_word' id='word_1_150' title='bbox 24 1827 156 1858; x_wconf 85' lang='lat' dir='ltr'>obvium</span> <span class='ocrx_word' id='word_1_151' title='bbox 181 1825 347 1856; x_wconf 82' lang='lat' dir='ltr'>accedere</span> <span class='ocrx_word' id='word_1_152' title='bbox 362 1824 441 1855; x_wconf 84' lang='lat' dir='ltr'>licet</span> <span class='ocrx_word' id='word_1_153' title='bbox 459 1828 494 1855; x_wconf 88' lang='lat' dir='ltr'>ct</span> <span class='ocrx_word' id='word_1_154' title='bbox 512 1824 723 1864; x_wconf 79' lang='lat' dir='ltr'>contingere.</span> 
     </span>
     <span class='ocr_line' id='line_1_34' title="bbox 26 1877 121 1908; baseline -0.011 -1"><span class='ocrx_word' id='word_1_155' title='bbox 26 1877 121 1908; x_wconf 83' lang='lat' dir='ltr'>Idem.</span> 
     </span>
    </p>

    <p class='ocr_par' dir='ltr' id='par_1_8' title="bbox 26 1925 726 2056">
     <span class='ocr_line' id='line_1_35' title="bbox 67 1925 724 1966; baseline -0.005 -9"><span class='ocrx_word' id='word_1_156' title='bbox 67 1929 128 1957; x_wconf 76' lang='lat'>163</span> <span class='ocrx_word' id='word_1_157' title='bbox 166 1925 331 1966; x_wconf 75' lang='lat' dir='ltr'>Aff&#39;arz&#39;que</span> <span class='ocrx_word' id='word_1_158' title='bbox 370 1925 457 1965; x_wconf 78' lang='lat' dir='ltr'>licet]</span> <span class='ocrx_word' id='word_1_159' title='bbox 505 1925 612 1955; x_wconf 71' lang='lat' dir='ltr'>Datur</span> <span class='ocrx_word' id='word_1_160' title='bbox 639 1934 724 1955; x_wconf 87' lang='lat' dir='ltr'>unus</span> 
     </span>
     <span class='ocr_line' id='line_1_36' title="bbox 26 1974 726 2015; baseline -0.001 -9"><span class='ocrx_word' id='word_1_161' title='bbox 26 1976 181 2007; x_wconf 85' lang='lat' dir='ltr'>Ambros.</span> <span class='ocrx_word' id='word_1_162' title='bbox 212 1980 247 2005; x_wconf 89' lang='lat' dir='ltr'>ct</span> <span class='ocrx_word' id='word_1_163' title='bbox 276 1974 404 2006; x_wconf 72' lang='lat' dir='ltr'>Medic.</span> <span class='ocrx_word' id='word_1_164' title='bbox 436 1979 473 2005; x_wconf 89' lang='lat' dir='ltr'>ut</span> <span class='ocrx_word' id='word_1_165' title='bbox 504 1974 594 2014; x_wconf 88' lang='lat' dir='ltr'>apud</span> <span class='ocrx_word' id='word_1_166' title='bbox 632 1974 726 2015; x_wconf 81' lang='lat' dir='ltr'>Virg.</span> 
     </span>
     <span class='ocr_line' id='line_1_37' title="bbox 27 2024 568 2056; baseline 0 -1"><span class='ocrx_word' id='word_1_167' title='bbox 27 2027 36 2043; x_wconf 90' lang='lat'>‘</span> <span class='ocrx_word' id='word_1_168' title='bbox 54 2026 154 2056; x_wconf 89' lang='lat' dir='ltr'>datur</span> <span class='ocrx_word' id='word_1_169' title='bbox 169 2035 226 2055; x_wconf 89' lang='lat' dir='ltr'>ora</span> <span class='ocrx_word' id='word_1_170' title='bbox 245 2024 354 2055; x_wconf 71' lang='lat' dir='ltr'>tucri!</span> <span class='ocrx_word' id='word_1_171' title='bbox 392 2025 436 2055; x_wconf 88' lang='lat' dir='ltr'>D.</span> <span class='ocrx_word' id='word_1_172' title='bbox 456 2024 568 2055; x_wconf 74' lang='lat' dir='ltr'>Heius.</span> 
     </span>
    </p>

    <p class='ocr_par' dir='ltr' id='par_1_9' title="bbox 27 2073 730 2163">
     <span class='ocr_line' id='line_1_38' title="bbox 70 2073 730 2115; baseline -0.002 -9"><span class='ocrx_word' id='word_1_173' title='bbox 70 2075 232 2115; x_wconf 71' lang='lat' dir='ltr'>Affitrique</span> <span class='ocrx_word' id='word_1_174' title='bbox 268 2074 353 2113; x_wconf 82' lang='lat' dir='ltr'>licet]</span> <span class='ocrx_word' id='word_1_175' title='bbox 407 2073 600 2104; x_wconf 81' lang='lat' dir='ltr'>Affabiiitas</span> <span class='ocrx_word' id='word_1_176' title='bbox 640 2074 730 2105; x_wconf 85' lang='lat' dir='ltr'>iuter</span> 
     </span>
     <span class='ocr_line' id='line_1_39' title="bbox 27 2124 608 2163; baseline -0.003 -7"><span class='ocrx_word' id='word_1_177' title='bbox 27 2124 253 2157; x_wconf 85' lang='lat' dir='ltr'>commendati</span> <span class='ocrx_word' id='word_1_178' title='bbox 271 2124 438 2163; x_wconf 83' lang='lat' dir='ltr'>Principis</span> <span class='ocrx_word' id='word_1_179' title='bbox 453 2124 608 2155; x_wconf 85' lang='lat' dir='ltr'>virtutes.</span> 
     </span>
    </p>

    <p class='ocr_par' dir='ltr' id='par_1_10' title="bbox 30 2175 732 2503">
     <span class='ocr_line' id='line_1_40' title="bbox 72 2175 730 2215; baseline 0 -11"><span class='ocrx_word' id='word_1_180' title='bbox 72 2175 144 2205; x_wconf 82' lang='lat' dir='ltr'>Non</span> <span class='ocrx_word' id='word_1_181' title='bbox 176 2175 257 2204; x_wconf 82' lang='lat' dir='ltr'>iuter</span> <span class='ocrx_word' id='word_1_182' title='bbox 283 2175 390 2214; x_wconf 78' lang='lat' dir='ltr'>pocula</span> <span class='ocrx_word' id='word_1_183' title='bbox 425 2184 522 2205; x_wconf 84' lang='lat' dir='ltr'>sermo</span> <span class='ocrx_word' id='word_1_184' title='bbox 562 2175 730 2215; x_wconf 77' lang='lat' dir='ltr'>Captatur]</span> 
     </span>
     <span class='ocr_line' id='line_1_41' title="bbox 30 2223 730 2264; baseline -0.001 -9"><span class='ocrx_word' id='word_1_185' title='bbox 30 2225 113 2255; x_wconf 89' lang='lat' dir='ltr'>Cum</span> <span class='ocrx_word' id='word_1_186' title='bbox 137 2223 230 2255; x_wconf 82' lang='lat' dir='ltr'>nefas</span> <span class='ocrx_word' id='word_1_187' title='bbox 253 2225 346 2264; x_wconf 85' lang='lat' dir='ltr'>quasi</span> <span class='ocrx_word' id='word_1_188' title='bbox 375 2225 542 2263; x_wconf 80' lang='lat' dir='ltr'>repellere</span> <span class='ocrx_word' id='word_1_189' title='bbox 568 2225 730 2255; x_wconf 87' lang='lat' dir='ltr'>allocutu-</span> 
     </span>
     <span class='ocr_line' id='line_1_42' title="bbox 30 2275 730 2314; baseline 0.003 -10"><span class='ocrx_word' id='word_1_190' title='bbox 30 2284 113 2305; x_wconf 85' lang='lat' dir='ltr'>rum.</span> <span class='ocrx_word' id='word_1_191' title='bbox 159 2275 242 2305; x_wconf 85' lang='lat' dir='ltr'>Cum</span> <span class='ocrx_word' id='word_1_192' title='bbox 264 2275 374 2305; x_wconf 84' lang='lat' dir='ltr'>Genio</span> <span class='ocrx_word' id='word_1_193' title='bbox 401 2275 615 2314; x_wconf 77' lang='lat' dir='ltr'>indulgerent</span> <span class='ocrx_word' id='word_1_194' title='bbox 640 2279 730 2306; x_wconf 86' lang='lat' dir='ltr'>vete-</span> 
     </span>
     <span class='ocr_line' id='line_1_43' title="bbox 31 2324 731 2364; baseline 0 -9"><span class='ocrx_word' id='word_1_195' title='bbox 31 2333 96 2361; x_wconf 83' lang='lat' dir='ltr'>res,</span> <span class='ocrx_word' id='word_1_196' title='bbox 110 2324 233 2355; x_wconf 75' lang='lat' dir='ltr'>offendi</span> <span class='ocrx_word' id='word_1_197' title='bbox 251 2325 356 2363; x_wconf 84' lang='lat' dir='ltr'>illum,</span> <span class='ocrx_word' id='word_1_198' title='bbox 371 2330 405 2355; x_wconf 81' lang='lat' dir='ltr'>et</span> <span class='ocrx_word' id='word_1_199' title='bbox 424 2335 497 2355; x_wconf 79' lang='lat' dir='ltr'>sese</span> <span class='ocrx_word' id='word_1_200' title='bbox 514 2324 644 2355; x_wconf 76' lang='lat' dir='ltr'>facinus</span> <span class='ocrx_word' id='word_1_201' title='bbox 662 2325 731 2364; x_wconf 82' lang='lat' dir='ltr'>pia-</span> 
     </span>
     <span class='ocr_line' id='line_1_44' title="bbox 34 2374 732 2413; baseline 0.001 -9"><span class='ocrx_word' id='word_1_202' title='bbox 34 2375 144 2405; x_wconf 87' lang='lat' dir='ltr'>cularc</span> <span class='ocrx_word' id='word_1_203' title='bbox 163 2375 342 2405; x_wconf 79' lang='lat' dir='ltr'>admittere</span> <span class='ocrx_word' id='word_1_204' title='bbox 368 2374 566 2413; x_wconf 84' lang='lat' dir='ltr'>credebaut,</span> <span class='ocrx_word' id='word_1_205' title='bbox 592 2375 689 2405; x_wconf 85' lang='lat' dir='ltr'>triste</span> <span class='ocrx_word' id='word_1_206' title='bbox 705 2375 732 2405; x_wconf 79' lang='lat' dir='ltr'>si</span> 
     </span>
     <span class='ocr_line' id='line_1_45' title="bbox 35 2422 730 2465; baseline 0.001 -12"><span class='ocrx_word' id='word_1_207' title='bbox 35 2427 105 2453; x_wconf 92' lang='lat' dir='ltr'>tum</span> <span class='ocrx_word' id='word_1_208' title='bbox 128 2422 282 2455; x_wconf 85' lang='lat' dir='ltr'>facerent</span> <span class='ocrx_word' id='word_1_209' title='bbox 311 2431 367 2455; x_wconf 88' lang='lat' dir='ltr'>aut</span> <span class='ocrx_word' id='word_1_210' title='bbox 400 2424 554 2456; x_wconf 82' lang='lat' dir='ltr'>dicerent</span> <span class='ocrx_word' id='word_1_211' title='bbox 591 2424 730 2465; x_wconf 88' lang='lat' dir='ltr'>aliquid.</span> 
     </span>
     <span class='ocr_line' id='line_1_46' title="bbox 37 2473 152 2503; baseline 0 0"><span class='ocrx_word' id='word_1_212' title='bbox 37 2473 152 2503; x_wconf 73' lang='lat' dir='ltr'>Barth.</span> 
     </span>
    </p>

    <p class='ocr_par' dir='ltr' id='par_1_11' title="bbox 40 2523 737 2714">
     <span class='ocr_line' id='line_1_47' title="bbox 81 2523 735 2564; baseline 0.008 -13"><span class='ocrx_word' id='word_1_213' title='bbox 81 2524 139 2552; x_wconf 71' lang='grc'>164</span> <span class='ocrx_word' id='word_1_214' title='bbox 177 2523 259 2554; x_wconf 81' lang='lat' dir='ltr'>Pura</span> <span class='ocrx_word' id='word_1_215' title='bbox 284 2523 442 2564; x_wconf 81' lang='lat' dir='ltr'>libertate]</span> <span class='ocrx_word' id='word_1_216' title='bbox 475 2525 552 2555; x_wconf 83' lang='lat' dir='ltr'>Non</span> <span class='ocrx_word' id='word_1_217' title='bbox 582 2524 735 2556; x_wconf 78' lang='lat' dir='ltr'>subfulta</span> 
     </span>
     <span class='ocr_line' id='line_1_48' title="bbox 40 2572 735 2617; baseline 0.006 -15"><span class='ocrx_word' id='word_1_218' title='bbox 40 2572 296 2615; x_wconf 82' lang='lat' dir='ltr'>adulationibus,</span> <span class='ocrx_word' id='word_1_219' title='bbox 323 2586 389 2607; x_wconf 89' lang='lat' dir='ltr'>non</span> <span class='ocrx_word' id='word_1_220' title='bbox 417 2581 537 2617; x_wconf 89' lang='lat' dir='ltr'>parata</span> <span class='ocrx_word' id='word_1_221' title='bbox 562 2582 597 2608; x_wconf 84' lang='lat' dir='ltr'>et</span> <span class='ocrx_word' id='word_1_222' title='bbox 624 2576 735 2607; x_wconf 86' lang='lat' dir='ltr'>elabo-</span> 
     </span>
     <span class='ocr_line' id='line_1_49' title="bbox 41 2622 737 2668; baseline -0.001 -10"><span class='ocrx_word' id='word_1_223' title='bbox 41 2628 114 2653; x_wconf 72' lang='lat' dir='ltr'>rat-&#39;1</span> <span class='ocrx_word' id='word_1_224' title='bbox 130 2622 289 2664; x_wconf 71' lang='lat' dir='ltr'>artificiis,</span> <span class='ocrx_word' id='word_1_225' title='bbox 305 2631 340 2656; x_wconf 89' lang='lat' dir='ltr'>ut</span> <span class='ocrx_word' id='word_1_226' title='bbox 366 2636 463 2658; x_wconf 86' lang='lat' dir='ltr'>aures</span> <span class='ocrx_word' id='word_1_227' title='bbox 480 2626 568 2658; x_wconf 86' lang='lat' dir='ltr'>fastu</span> <span class='ocrx_word' id='word_1_228' title='bbox 586 2626 737 2668; x_wconf 86' lang='lat' dir='ltr'>turgidas</span> 
     </span>
     <span class='ocr_line' id='line_1_50' title="bbox 41 2673 585 2714; baseline 0.011 -12"><span class='ocrx_word' id='word_1_229' title='bbox 41 2673 289 2714; x_wconf 75' lang='lat' dir='ltr'>palpationibus</span> <span class='ocrx_word' id='word_1_230' title='bbox 306 2676 458 2707; x_wconf 77' lang='lat' dir='ltr'>intraret.</span> <span class='ocrx_word' id='word_1_231' title='bbox 490 2677 585 2708; x_wconf 84' lang='lat' dir='ltr'>Idem.</span> 
     </span>
    </p>

    <p class='ocr_par' dir='ltr' id='par_1_12' title="bbox 85 2723 738 2766">
     <span class='ocr_line' id='line_1_51' title="bbox 85 2723 738 2766; baseline 0.005 -13"><span class='ocrx_word' id='word_1_232' title='bbox 85 2726 144 2754; x_wconf 81' lang='lat'>165</span> <span class='ocrx_word' id='word_1_233' title='bbox 181 2723 269 2754; x_wconf 70' lang='lat' dir='ltr'>Seria</span> <span class='ocrx_word' id='word_1_234' title='bbox 299 2725 421 2766; x_wconf 72' lang='lat' dir='ltr'>quisque</span> <span class='ocrx_word' id='word_1_235' title='bbox 439 2726 535 2766; x_wconf 72' lang='lat' dir='ltr'>jocis]</span> <span class='ocrx_word' id='word_1_236' title='bbox 584 2729 675 2759; x_wconf 83' lang='lat' dir='ltr'>Mira.</span> <span class='ocrx_word' id='word_1_237' title='bbox 703 2727 738 2758; x_wconf 91' lang='lat' dir='ltr'>in</span> 
     </span>
    </p>
   </div>
   <div class='ocr_carea' id='block_1_3' title="bbox 757 170 1491 2769">
    <p class='ocr_par' dir='ltr' id='par_1_13' title="bbox 757 170 1459 357">
     <span class='ocr_line' id='line_1_52' title="bbox 927 170 1457 212; baseline 0.004 -2"><span class='ocrx_word' id='word_1_238' title='bbox 927 181 1018 211; x_wconf 75' lang='lat' dir='ltr'>mn.</span> <span class='ocrx_word' id='word_1_239' title='bbox 1053 181 1101 210; x_wconf 86' lang='lat'>11.</span> <span class='ocrx_word' id='word_1_240' title='bbox 1346 170 1457 212; x_wconf 73' lang='lat'>1593</span> 
     </span>
     <span class='ocr_line' id='line_1_53' title="bbox 757 273 1459 316; baseline -0.001 -10"><span class='ocrx_word' id='word_1_241' title='bbox 757 275 909 307; x_wconf 82' lang='lat' dir='ltr'>dicteriis</span> <span class='ocrx_word' id='word_1_242' title='bbox 936 279 972 306; x_wconf 77' lang='lat' dir='ltr'>et</span> <span class='ocrx_word' id='word_1_243' title='bbox 998 273 1190 306; x_wconf 84' lang='lat' dir='ltr'>scommatis</span> <span class='ocrx_word' id='word_1_244' title='bbox 1221 273 1369 306; x_wconf 83' lang='lat' dir='ltr'>serendis</span> <span class='ocrx_word' id='word_1_245' title='bbox 1402 286 1459 316; x_wconf 79' lang='lat' dir='ltr'>pa-</span> 
     </span>
     <span class='ocr_line' id='line_1_54' title="bbox 757 326 1011 357; baseline -0.004 0"><span class='ocrx_word' id='word_1_246' title='bbox 757 327 887 357; x_wconf 83' lang='lat' dir='ltr'>tientia.</span> <span class='ocrx_word' id='word_1_247' title='bbox 915 326 1011 357; x_wconf 78' lang='lat' dir='ltr'>Idem.</span> 
     </span>
    </p>

    <p class='ocr_par' dir='ltr' id='par_1_14' title="bbox 758 375 1460 460">
     <span class='ocr_line' id='line_1_55' title="bbox 800 375 1460 417; baseline -0.005 -9"><span class='ocrx_word' id='word_1_248' title='bbox 800 380 862 408; x_wconf 87' lang='grc'>166</span> <span class='ocrx_word' id='word_1_249' title='bbox 887 378 990 414; x_wconf 61' lang='lat' dir='ltr'>Rrgni</span> <span class='ocrx_word' id='word_1_250' title='bbox 1013 375 1188 417; x_wconf 75' lang='lat' dir='ltr'>parentem]</span> <span class='ocrx_word' id='word_1_251' title='bbox 1212 376 1372 406; x_wconf 81' lang='lat' dir='ltr'>Publicus</span> <span class='ocrx_word' id='word_1_252' title='bbox 1396 376 1460 406; x_wconf 78' lang='lat' dir='ltr'>Pa-</span> 
     </span>
     <span class='ocr_line' id='line_1_56' title="bbox 758 428 1140 460; baseline -0.008 0"><span class='ocrx_word' id='word_1_253' title='bbox 758 438 833 460; x_wconf 80' lang='lat' dir='ltr'>rens</span> <span class='ocrx_word' id='word_1_254' title='bbox 850 428 1006 459; x_wconf 78' lang='lat' dir='ltr'>Stilicho.</span> <span class='ocrx_word' id='word_1_255' title='bbox 1042 429 1140 458; x_wconf 83' lang='lat' dir='ltr'>Idem.</span> 
     </span>
    </p>

    <p class='ocr_par' dir='ltr' id='par_1_15' title="bbox 760 475 1466 670">
     <span class='ocr_line' id='line_1_57' title="bbox 804 475 1463 517; baseline -0.003 -9"><span class='ocrx_word' id='word_1_256' title='bbox 804 481 863 508; x_wconf 86' lang='grc'>167</span> <span class='ocrx_word' id='word_1_257' title='bbox 902 478 1044 508; x_wconf 76' lang='lat' dir='ltr'>Miratur</span> <span class='ocrx_word' id='word_1_258' title='bbox 1079 477 1203 507; x_wconf 79' lang='lat' dir='ltr'>com-ira</span> <span class='ocrx_word' id='word_1_259' title='bbox 1242 476 1364 517; x_wconf 82' lang='lat' dir='ltr'>parem]</span> <span class='ocrx_word' id='word_1_260' title='bbox 1406 475 1463 507; x_wconf 89' lang='lat' dir='ltr'>Ol)</span> 
     </span>
     <span class='ocr_line' id='line_1_58' title="bbox 760 526 1465 567; baseline -0.001 -9"><span class='ocrx_word' id='word_1_261' title='bbox 760 528 954 559; x_wconf 80' lang='lat' dir='ltr'>comitatem</span> <span class='ocrx_word' id='word_1_262' title='bbox 981 528 1209 558; x_wconf 79' lang='lat' dir='ltr'>conviviorum</span> <span class='ocrx_word' id='word_1_263' title='bbox 1228 531 1263 558; x_wconf 85' lang='lat' dir='ltr'>ct</span> <span class='ocrx_word' id='word_1_264' title='bbox 1281 526 1465 567; x_wconf 81' lang='lat' dir='ltr'>participa·</span> 
     </span>
     <span class='ocr_line' id='line_1_59' title="bbox 761 577 1466 618; baseline -0.004 -8"><span class='ocrx_word' id='word_1_265' title='bbox 761 584 832 610; x_wconf 90' lang='lat' dir='ltr'>tum</span> <span class='ocrx_word' id='word_1_266' title='bbox 859 578 1017 618; x_wconf 86' lang='lat' dir='ltr'>epulandi</span> <span class='ocrx_word' id='word_1_267' title='bbox 1041 578 1320 609; x_wconf 82' lang='lat' dir='ltr'>commendantur</span> <span class='ocrx_word' id='word_1_268' title='bbox 1336 577 1466 608; x_wconf 87' lang='lat' dir='ltr'>Princi-</span> 
     </span>
     <span class='ocr_line' id='line_1_60' title="bbox 763 639 835 670; baseline -0.014 -10"><span class='ocrx_word' id='word_1_269' title='bbox 763 639 835 670; x_wconf 88' lang='lat' dir='ltr'>pes.</span> 
     </span>
    </p>

    <p class='ocr_par' dir='ltr' id='par_1_16' title="bbox 764 677 1466 760">
     <span class='ocr_line' id='line_1_61' title="bbox 809 677 1466 718; baseline -0.003 -9"><span class='ocrx_word' id='word_1_270' title='bbox 809 679 907 709; x_wconf 84' lang='lat' dir='ltr'>Tanta</span> <span class='ocrx_word' id='word_1_271' title='bbox 934 677 1085 718; x_wconf 79' lang='lat' dir='ltr'>potestas]</span> <span class='ocrx_word' id='word_1_272' title='bbox 1121 677 1232 708; x_wconf 85' lang='lat' dir='ltr'>Homo</span> <span class='ocrx_word' id='word_1_273' title='bbox 1264 680 1369 707; x_wconf 78' lang='lat' dir='ltr'>tantae</span> <span class='ocrx_word' id='word_1_274' title='bbox 1408 686 1466 716; x_wconf 88' lang='lat' dir='ltr'>po-</span> 
     </span>
     <span class='ocr_line' id='line_1_62' title="bbox 764 728 1059 760; baseline -0.007 0"><span class='ocrx_word' id='word_1_275' title='bbox 764 729 911 760; x_wconf 82' lang='lat' dir='ltr'>testatis.</span> <span class='ocrx_word' id='word_1_276' title='bbox 943 728 1059 759; x_wconf 82' lang='lat' dir='ltr'>Barth.</span> 
     </span>
    </p>

    <p class='ocr_par' dir='ltr' id='par_1_17' title="bbox 765 776 1469 917">
     <span class='ocr_line' id='line_1_63' title="bbox 809 776 1469 816; baseline -0.003 -8"><span class='ocrx_word' id='word_1_277' title='bbox 809 781 869 808; x_wconf 86' lang='lat'>168</span> <span class='ocrx_word' id='word_1_278' title='bbox 895 778 1000 807; x_wconf 67' lang='lat' dir='ltr'>Civem</span> <span class='ocrx_word' id='word_1_279' title='bbox 1026 777 1116 816; x_wconf 81' lang='lat' dir='ltr'>agat]</span> <span class='ocrx_word' id='word_1_280' title='bbox 1140 776 1350 807; x_wconf 77' lang='lat' dir='ltr'>Civilitatem</span> <span class='ocrx_word' id='word_1_281' title='bbox 1382 786 1469 807; x_wconf 87' lang='lat' dir='ltr'>com-</span> 
     </span>
     <span class='ocr_line' id='line_1_64' title="bbox 765 826 1468 866; baseline -0.003 -9"><span class='ocrx_word' id='word_1_282' title='bbox 765 827 903 857; x_wconf 88' lang='lat' dir='ltr'>mendat</span> <span class='ocrx_word' id='word_1_283' title='bbox 919 826 1125 865; x_wconf 83' lang='lat' dir='ltr'>Stilichonis,</span> <span class='ocrx_word' id='word_1_284' title='bbox 1142 826 1270 856; x_wconf 81' lang='lat' dir='ltr'>civibus</span> <span class='ocrx_word' id='word_1_285' title='bbox 1292 835 1328 855; x_wconf 87' lang='lat' dir='ltr'>se</span> <span class='ocrx_word' id='word_1_286' title='bbox 1353 835 1468 866; x_wconf 87' lang='lat' dir='ltr'>parem</span> 
     </span>
     <span class='ocr_line' id='line_1_65' title="bbox 766 877 927 917; baseline 0 -10"><span class='ocrx_word' id='word_1_287' title='bbox 766 877 927 917; x_wconf 84' lang='lat' dir='ltr'>gerentis.</span> 
     </span>
    </p>

    <p class='ocr_par' dir='ltr' id='par_1_18' title="bbox 766 924 1472 1064">
     <span class='ocr_line' id='line_1_66' title="bbox 810 924 1470 965; baseline -0.003 -9"><span class='ocrx_word' id='word_1_288' title='bbox 810 927 930 957; x_wconf 84' lang='lat' dir='ltr'>Doctus</span> <span class='ocrx_word' id='word_1_289' title='bbox 941 926 1043 965; x_wconf 82' lang='lat' dir='ltr'>prisca</span> <span class='ocrx_word' id='word_1_290' title='bbox 1058 925 1244 964; x_wconf 76' lang='lat' dir='ltr'>loquentem]</span> <span class='ocrx_word' id='word_1_291' title='bbox 1269 925 1380 955; x_wconf 74' lang='lat' dir='ltr'>Acute</span> <span class='ocrx_word' id='word_1_292' title='bbox 1402 924 1470 955; x_wconf 85' lang='lat' dir='ltr'>om-</span> 
     </span>
     <span class='ocr_line' id='line_1_67' title="bbox 766 974 1472 1014; baseline -0.004 -8"><span class='ocrx_word' id='word_1_293' title='bbox 766 985 842 1006; x_wconf 89' lang='lat' dir='ltr'>nem</span> <span class='ocrx_word' id='word_1_294' title='bbox 860 975 1083 1005; x_wconf 88' lang='lat' dir='ltr'>cruditioucm</span> <span class='ocrx_word' id='word_1_295' title='bbox 1111 975 1144 1004; x_wconf 86' lang='lat' dir='ltr'>iu</span> <span class='ocrx_word' id='word_1_296' title='bbox 1173 974 1307 1014; x_wconf 83' lang='lat' dir='ltr'>eloquio</span> <span class='ocrx_word' id='word_1_297' title='bbox 1332 979 1366 1005; x_wconf 88' lang='lat' dir='ltr'>et</span> <span class='ocrx_word' id='word_1_298' title='bbox 1387 974 1472 1005; x_wconf 89' lang='lat' dir='ltr'>noti-</span> 
     </span>
     <span class='ocr_line' id='line_1_68' title="bbox 767 1023 1374 1064; baseline -0.003 -8"><span class='ocrx_word' id='word_1_299' title='bbox 767 1025 815 1056; x_wconf 91' lang='lat' dir='ltr'>tia</span> <span class='ocrx_word' id='word_1_300' title='bbox 830 1024 1053 1064; x_wconf 83' lang='lat' dir='ltr'>Antiquitatis</span> <span class='ocrx_word' id='word_1_301' title='bbox 1068 1024 1224 1054; x_wconf 83' lang='lat' dir='ltr'>collocat.</span> <span class='ocrx_word' id='word_1_302' title='bbox 1259 1023 1374 1054; x_wconf 82' lang='lat' dir='ltr'>Barth.</span> 
     </span>
    </p>

    <p class='ocr_par' dir='ltr' id='par_1_19' title="bbox 767 1072 1476 1257">
     <span class='ocr_line' id='line_1_69' title="bbox 811 1072 1473 1114; baseline -0.003 -8"><span class='ocrx_word' id='word_1_303' title='bbox 811 1078 872 1106; x_wconf 91' lang='grc'>170</span> <span class='ocrx_word' id='word_1_304' title='bbox 896 1074 1041 1114; x_wconf 74' lang='lat' dir='ltr'>Aspersis</span> <span class='ocrx_word' id='word_1_305' title='bbox 1067 1072 1195 1112; x_wconf 78' lang='lat' dir='ltr'>salibus]</span> <span class='ocrx_word' id='word_1_306' title='bbox 1233 1073 1311 1103; x_wconf 79' lang='lat' dir='ltr'>Non</span> <span class='ocrx_word' id='word_1_307' title='bbox 1344 1072 1473 1104; x_wconf 78' lang='lat' dir='ltr'>infusis.</span> 
     </span>
     <span class='ocr_line' id='line_1_70' title="bbox 767 1121 1474 1157; baseline -0.008 0"><span class='ocrx_word' id='word_1_308' title='bbox 767 1127 896 1157; x_wconf 88' lang='lat' dir='ltr'>Faceta</span> <span class='ocrx_word' id='word_1_309' title='bbox 912 1129 1025 1155; x_wconf 90' lang='lat' dir='ltr'>autem</span> <span class='ocrx_word' id='word_1_310' title='bbox 1043 1128 1078 1154; x_wconf 87' lang='lat' dir='ltr'>et</span> <span class='ocrx_word' id='word_1_311' title='bbox 1095 1123 1197 1154; x_wconf 87' lang='lat' dir='ltr'>comis</span> <span class='ocrx_word' id='word_1_312' title='bbox 1214 1122 1321 1152; x_wconf 85' lang='lat' dir='ltr'>oratio</span> <span class='ocrx_word' id='word_1_313' title='bbox 1339 1122 1372 1151; x_wconf 92' lang='lat' dir='ltr'>in</span> <span class='ocrx_word' id='word_1_314' title='bbox 1390 1121 1474 1152; x_wconf 88' lang='lat' dir='ltr'>Pro-</span> 
     </span>
     <span class='ocr_line' id='line_1_71' title="bbox 769 1172 1476 1212; baseline -0.007 -5"><span class='ocrx_word' id='word_1_315' title='bbox 769 1175 903 1207; x_wconf 87' lang='lat' dir='ltr'>ceribus</span> <span class='ocrx_word' id='word_1_316' title='bbox 942 1173 1215 1211; x_wconf 84' lang='lat' dir='ltr'>commendatur,</span> <span class='ocrx_word' id='word_1_317' title='bbox 1258 1172 1476 1212; x_wconf 79' lang='lat' dir='ltr'>ingeniosita-</span> 
     </span>
     <span class='ocr_line' id='line_1_72' title="bbox 770 1224 1238 1257; baseline -0.009 0"><span class='ocrx_word' id='word_1_318' title='bbox 770 1231 838 1257; x_wconf 87' lang='lat' dir='ltr'>tem</span> <span class='ocrx_word' id='word_1_319' title='bbox 856 1226 1104 1256; x_wconf 79' lang='lat' dir='ltr'>demonstrans.</span> <span class='ocrx_word' id='word_1_320' title='bbox 1141 1224 1238 1254; x_wconf 77' lang='lat' dir='ltr'>Idem.</span> 
     </span>
    </p>

    <p class='ocr_par' dir='ltr' id='par_1_20' title="bbox 771 1272 1476 1463">
     <span class='ocr_line' id='line_1_73' title="bbox 814 1272 1475 1307; baseline -0.008 0"><span class='ocrx_word' id='word_1_321' title='bbox 814 1279 873 1307; x_wconf 90' lang='grc'>171</span> <span class='ocrx_word' id='word_1_322' title='bbox 901 1276 1017 1306; x_wconf 70' lang='lat' dir='ltr'>Aonios</span> <span class='ocrx_word' id='word_1_323' title='bbox 1033 1274 1234 1305; x_wconf 77' lang='lat' dir='ltr'>meditantem</span> <span class='ocrx_word' id='word_1_324' title='bbox 1254 1272 1388 1304; x_wconf 82' lang='lat' dir='ltr'>carmine</span> <span class='ocrx_word' id='word_1_325' title='bbox 1409 1282 1475 1303; x_wconf 79' lang='lat' dir='ltr'>mu-</span> 
     </span>
     <span class='ocr_line' id='line_1_74' title="bbox 771 1322 1476 1366; baseline -0.007 -9"><span class='ocrx_word' id='word_1_326' title='bbox 771 1327 836 1366; x_wconf 85' lang='lat' dir='ltr'>ros]</span> <span class='ocrx_word' id='word_1_327' title='bbox 864 1326 1051 1357; x_wconf 72' lang='lat' dir='ltr'>Verissima</span> <span class='ocrx_word' id='word_1_328' title='bbox 1078 1324 1218 1362; x_wconf 86' lang='lat' dir='ltr'>Lecti0;</span> <span class='ocrx_word' id='word_1_329' title='bbox 1254 1333 1330 1353; x_wconf 83' lang='lat' dir='ltr'>cum</span> <span class='ocrx_word' id='word_1_330' title='bbox 1358 1322 1476 1353; x_wconf 83' lang='lat' dir='ltr'>fabula</span> 
     </span>
     <span class='ocr_line' id='line_1_75' title="bbox 772 1374 1476 1413; baseline -0.004 -7"><span class='ocrx_word' id='word_1_331' title='bbox 772 1376 948 1407; x_wconf 78' lang='lat' dir='ltr'>notissima</span> <span class='ocrx_word' id='word_1_332' title='bbox 964 1375 1016 1413; x_wconf 71' lang='lat' dir='ltr'>sit,</span> <span class='ocrx_word' id='word_1_333' title='bbox 1034 1374 1232 1413; x_wconf 86' lang='lat' dir='ltr'>Amphionis</span> <span class='ocrx_word' id='word_1_334' title='bbox 1247 1378 1349 1405; x_wconf 83' lang='lat' dir='ltr'>cantu</span> <span class='ocrx_word' id='word_1_335' title='bbox 1364 1383 1476 1405; x_wconf 85' lang='lat' dir='ltr'>muros</span> 
     </span>
     <span class='ocr_line' id='line_1_76' title="bbox 771 1423 1327 1463; baseline -0.004 -7"><span class='ocrx_word' id='word_1_336' title='bbox 771 1425 961 1456; x_wconf 86' lang='lat' dir='ltr'>Thebarum</span> <span class='ocrx_word' id='word_1_337' title='bbox 979 1423 1196 1463; x_wconf 77' lang='lat' dir='ltr'>compositos.</span> <span class='ocrx_word' id='word_1_338' title='bbox 1230 1424 1327 1454; x_wconf 74' lang='lat' dir='ltr'>Idem.</span> 
     </span>
    </p>

    <p class='ocr_par' dir='ltr' id='par_1_21' title="bbox 773 1473 1487 2365">
     <span class='ocr_line' id='line_1_77' title="bbox 815 1473 1478 1513; baseline -0.003 -9"><span class='ocrx_word' id='word_1_339' title='bbox 815 1474 930 1504; x_wconf 78' lang='lat' dir='ltr'>Aonios</span> <span class='ocrx_word' id='word_1_340' title='bbox 960 1474 1163 1503; x_wconf 80' lang='lat' dir='ltr'>meditantem</span> <span class='ocrx_word' id='word_1_341' title='bbox 1197 1473 1331 1503; x_wconf 77' lang='lat' dir='ltr'>carmine</span> <span class='ocrx_word' id='word_1_342' title='bbox 1361 1473 1478 1513; x_wconf 83' lang='lat' dir='ltr'>muros]</span> 
     </span>
     <span class='ocr_line' id='line_1_78' title="bbox 773 1521 1479 1562; baseline -0.001 -9"><span class='ocrx_word' id='word_1_343' title='bbox 773 1523 876 1553; x_wconf 86' lang='lat' dir='ltr'>Multi</span> <span class='ocrx_word' id='word_1_344' title='bbox 894 1532 936 1552; x_wconf 79' lang='lat' dir='ltr'>ex</span> <span class='ocrx_word' id='word_1_345' title='bbox 954 1522 1079 1551; x_wconf 68' lang='lat' dir='ltr'>nostris</span> <span class='ocrx_word' id='word_1_346' title='bbox 1101 1521 1219 1552; x_wconf 71' lang='lat' dir='ltr'>Aonias</span> <span class='ocrx_word' id='word_1_347' title='bbox 1246 1523 1376 1558; x_wconf 76' lang='lat' dir='ltr'>Musas;</span> <span class='ocrx_word' id='word_1_348' title='bbox 1398 1531 1479 1562; x_wconf 88' lang='lat' dir='ltr'>quo-</span> 
     </span>
     <span class='ocr_line' id='line_1_79' title="bbox 774 1571 1479 1602; baseline -0.001 0"><span class='ocrx_word' id='word_1_349' title='bbox 774 1572 873 1602; x_wconf 88' lang='lat' dir='ltr'>modo</span> <span class='ocrx_word' id='word_1_350' title='bbox 890 1581 931 1602; x_wconf 79' lang='lat' dir='ltr'>ex</span> <span class='ocrx_word' id='word_1_351' title='bbox 950 1572 1018 1601; x_wconf 83' lang='lat' dir='ltr'>suis</span> <span class='ocrx_word' id='word_1_352' title='bbox 1032 1571 1170 1601; x_wconf 88' lang='lat' dir='ltr'>Delrius</span> <span class='ocrx_word' id='word_1_353' title='bbox 1190 1575 1225 1601; x_wconf 83' lang='lat' dir='ltr'>et</span> <span class='ocrx_word' id='word_1_354' title='bbox 1248 1572 1409 1602; x_wconf 78' lang='lat' dir='ltr'>Schottus</span> <span class='ocrx_word' id='word_1_355' title='bbox 1433 1572 1479 1602; x_wconf 91' lang='lat' dir='ltr'>le-</span> 
     </span>
     <span class='ocr_line' id='line_1_80' title="bbox 775 1620 1479 1661; baseline -0.001 -9"><span class='ocrx_word' id='word_1_356' title='bbox 775 1621 919 1661; x_wconf 79' lang='lat' dir='ltr'>gendum</span> <span class='ocrx_word' id='word_1_357' title='bbox 938 1620 1172 1652; x_wconf 83' lang='lat' dir='ltr'>contendunt:</span> <span class='ocrx_word' id='word_1_358' title='bbox 1191 1631 1383 1660; x_wconf 77' lang='lat' dir='ltr'>perperam.</span> <span class='ocrx_word' id='word_1_359' title='bbox 1422 1622 1479 1651; x_wconf 64' lang='lat' dir='ltr'>Yi-</span> 
     </span>
     <span class='ocr_line' id='line_1_81' title="bbox 776 1672 1481 1712; baseline -0.001 -8"><span class='ocrx_word' id='word_1_360' title='bbox 776 1673 826 1704; x_wconf 91' lang='lat' dir='ltr'>dit</span> <span class='ocrx_word' id='word_1_361' title='bbox 851 1677 886 1703; x_wconf 89' lang='lat' dir='ltr'>et</span> <span class='ocrx_word' id='word_1_362' title='bbox 913 1682 1027 1703; x_wconf 90' lang='lat' dir='ltr'>veram</span> <span class='ocrx_word' id='word_1_363' title='bbox 1051 1672 1255 1712; x_wconf 86' lang='lat' dir='ltr'>scripturam</span> <span class='ocrx_word' id='word_1_364' title='bbox 1274 1672 1481 1712; x_wconf 80' lang='lat' dir='ltr'>Gronovius,</span> 
     </span>
     <span class='ocr_line' id='line_1_82' title="bbox 776 1723 1480 1763; baseline -0.003 -9"><span class='ocrx_word' id='word_1_365' title='bbox 776 1723 953 1754; x_wconf 76' lang='lat' dir='ltr'>Dian-ibes</span> <span class='ocrx_word' id='word_1_366' title='bbox 975 1723 1139 1754; x_wconf 74' lang='lat' dir='ltr'>Statianae</span> <span class='ocrx_word' id='word_1_367' title='bbox 1165 1732 1240 1763; x_wconf 82' lang='lat' dir='ltr'>cap.</span> <span class='ocrx_word' id='word_1_368' title='bbox 1258 1726 1310 1753; x_wconf 85' lang='lat'>50.</span> <span class='ocrx_word' id='word_1_369' title='bbox 1337 1723 1480 1761; x_wconf 77' lang='lat' dir='ltr'>Statius,</span> 
     </span>
     <span class='ocr_line' id='line_1_83' title="bbox 775 1772 1483 1806; baseline -0.003 -1"><span class='ocrx_word' id='word_1_370' title='bbox 775 1774 882 1805; x_wconf 86' lang='lat' dir='ltr'>Theb.</span> <span class='ocrx_word' id='word_1_371' title='bbox 898 1783 923 1805; x_wconf 86' lang='lat'>1.</span> <span class='ocrx_word' id='word_1_372' title='bbox 949 1774 958 1790; x_wconf 90' lang='lat'>‘</span> <span class='ocrx_word' id='word_1_373' title='bbox 975 1774 1052 1806; x_wconf 82' lang='lat' dir='ltr'>Quo</span> <span class='ocrx_word' id='word_1_374' title='bbox 1069 1773 1218 1804; x_wconf 84' lang='lat' dir='ltr'>carmine</span> <span class='ocrx_word' id='word_1_375' title='bbox 1242 1774 1346 1803; x_wconf 86' lang='lat' dir='ltr'>muris</span> <span class='ocrx_word' id='word_1_376' title='bbox 1366 1772 1483 1804; x_wconf 86' lang='lat' dir='ltr'>Jusse-</span> 
     </span>
     <span class='ocr_line' id='line_1_84' title="bbox 777 1823 1482 1863; baseline -0.001 -9"><span class='ocrx_word' id='word_1_377' title='bbox 777 1824 821 1854; x_wconf 90' lang='lat' dir='ltr'>rit</span> <span class='ocrx_word' id='word_1_378' title='bbox 850 1823 1021 1863; x_wconf 78' lang='lat' dir='ltr'>Amphion</span> <span class='ocrx_word' id='word_1_379' title='bbox 1047 1823 1170 1862; x_wconf 77' lang='lat' dir='ltr'>Tyrios</span> <span class='ocrx_word' id='word_1_380' title='bbox 1197 1823 1361 1853; x_wconf 78' lang='lat' dir='ltr'>accedere</span> <span class='ocrx_word' id='word_1_381' title='bbox 1390 1832 1482 1854; x_wconf 83' lang='lat' dir='ltr'>mon-</span> 
     </span>
     <span class='ocr_line' id='line_1_85' title="bbox 779 1873 1482 1905; baseline -0.001 0"><span class='ocrx_word' id='word_1_382' title='bbox 779 1874 853 1905; x_wconf 82' lang='lat' dir='ltr'>tes.’</span> <span class='ocrx_word' id='word_1_383' title='bbox 890 1874 964 1904; x_wconf 88' lang='lat' dir='ltr'>Lib.</span> <span class='ocrx_word' id='word_1_384' title='bbox 982 1883 1024 1904; x_wconf 81' lang='grc' dir='ltr'>ιι.</span> <span class='ocrx_word' id='word_1_385' title='bbox 1045 1874 1053 1889; x_wconf 89' lang='lat'>‘</span> <span class='ocrx_word' id='word_1_386' title='bbox 1073 1873 1139 1904; x_wconf 85' lang='lat' dir='ltr'>alio</span> <span class='ocrx_word' id='word_1_387' title='bbox 1160 1874 1221 1904; x_wconf 85' lang='lat' dir='ltr'>tibi</span> <span class='ocrx_word' id='word_1_388' title='bbox 1245 1874 1394 1904; x_wconf 83' lang='lat' dir='ltr'>carmine</span> <span class='ocrx_word' id='word_1_389' title='bbox 1412 1884 1482 1904; x_wconf 88' lang='lat' dir='ltr'>mu-</span> 
     </span>
     <span class='ocr_line' id='line_1_86' title="bbox 778 1924 1482 1965; baseline 0 -10"><span class='ocrx_word' id='word_1_390' title='bbox 778 1935 834 1955; x_wconf 82' lang='lat' dir='ltr'>ros</span> <span class='ocrx_word' id='word_1_391' title='bbox 852 1924 1019 1965; x_wconf 79' lang='lat' dir='ltr'>Amphion</span> <span class='ocrx_word' id='word_1_392' title='bbox 1047 1924 1182 1954; x_wconf 89' lang='lat' dir='ltr'>auditus</span> <span class='ocrx_word' id='word_1_393' title='bbox 1210 1924 1312 1964; x_wconf 62' lang='lat' dir='ltr'>agat)</span> <span class='ocrx_word' id='word_1_394' title='bbox 1351 1924 1427 1955; x_wconf 87' lang='lat' dir='ltr'>Lib.</span> <span class='ocrx_word' id='word_1_395' title='bbox 1446 1934 1482 1955; x_wconf 75' lang='lat' dir='ltr'>x.</span> 
     </span>
     <span class='ocr_line' id='line_1_87' title="bbox 778 1975 1485 2015; baseline -0.001 -9"><span class='ocrx_word' id='word_1_396' title='bbox 778 1975 922 2007; x_wconf 80' lang='lat' dir='ltr'>‘faciles</span> <span class='ocrx_word' id='word_1_397' title='bbox 951 1984 1154 2015; x_wconf 83' lang='lat' dir='ltr'>carmenque</span> <span class='ocrx_word' id='word_1_398' title='bbox 1192 1975 1328 2005; x_wconf 79' lang='lat' dir='ltr'>imbelle</span> <span class='ocrx_word' id='word_1_399' title='bbox 1361 1975 1485 2014; x_wconf 87' lang='lat' dir='ltr'>secuti,</span> 
     </span>
     <span class='ocr_line' id='line_1_88' title="bbox 779 2023 1486 2063; baseline -0.001 -8"><span class='ocrx_word' id='word_1_400' title='bbox 779 2025 824 2056; x_wconf 89' lang='lat' dir='ltr'>Et</span> <span class='ocrx_word' id='word_1_401' title='bbox 839 2024 982 2055; x_wconf 85' lang='lat' dir='ltr'>mentita</span> <span class='ocrx_word' id='word_1_402' title='bbox 997 2024 1054 2054; x_wconf 88' lang='lat' dir='ltr'>diu</span> <span class='ocrx_word' id='word_1_403' title='bbox 1071 2024 1263 2054; x_wconf 85' lang='lat' dir='ltr'>Thebarum</span> <span class='ocrx_word' id='word_1_404' title='bbox 1276 2023 1404 2063; x_wconf 76' lang='lat' dir='ltr'>fabula,</span> <span class='ocrx_word' id='word_1_405' title='bbox 1415 2033 1486 2054; x_wconf 90' lang='lat' dir='ltr'>mu-</span> 
     </span>
     <span class='ocr_line' id='line_1_89' title="bbox 781 2073 1485 2114; baseline -0.001 -9"><span class='ocrx_word' id='word_1_406' title='bbox 781 2075 832 2106; x_wconf 87' lang='lat' dir='ltr'>ri.&#39;</span> <span class='ocrx_word' id='word_1_407' title='bbox 864 2075 976 2113; x_wconf 76' lang='lat' dir='ltr'>Silius,</span> <span class='ocrx_word' id='word_1_408' title='bbox 993 2083 1045 2104; x_wconf 78' lang='grc' dir='ltr'>Χι.</span> <span class='ocrx_word' id='word_1_409' title='bbox 1059 2077 1133 2105; x_wconf 74' lang='grc'><strong>441.</strong></span> <span class='ocrx_word' id='word_1_410' title='bbox 1159 2075 1166 2090; x_wconf 81' lang='lat'><em>‘</em></span> <span class='ocrx_word' id='word_1_411' title='bbox 1185 2073 1356 2104; x_wconf 76' lang='lat' dir='ltr'>Exaudita</span> <span class='ocrx_word' id='word_1_412' title='bbox 1373 2073 1485 2114; x_wconf 83' lang='lat' dir='ltr'>chelys</span> 
     </span>
     <span class='ocr_line' id='line_1_90' title="bbox 781 2122 1486 2165; baseline -0.003 -10"><span class='ocrx_word' id='word_1_413' title='bbox 781 2123 928 2165; x_wconf 86' lang='lat' dir='ltr'>lapidem</span> <span class='ocrx_word' id='word_1_414' title='bbox 956 2123 1128 2154; x_wconf 80' lang='lat' dir='ltr'>testudine</span> <span class='ocrx_word' id='word_1_415' title='bbox 1157 2122 1238 2153; x_wconf 79' lang='lat' dir='ltr'>felix</span> <span class='ocrx_word' id='word_1_416' title='bbox 1269 2124 1423 2162; x_wconf 88' lang='lat' dir='ltr'>Ducere,</span> <span class='ocrx_word' id='word_1_417' title='bbox 1450 2127 1486 2154; x_wconf 89' lang='lat' dir='ltr'>et</span> 
     </span>
     <span class='ocr_line' id='line_1_91' title="bbox 782 2175 1487 2215; baseline 0 -9"><span class='ocrx_word' id='word_1_418' title='bbox 782 2177 815 2206; x_wconf 90' lang='lat' dir='ltr'>in</span> <span class='ocrx_word' id='word_1_419' title='bbox 856 2185 967 2207; x_wconf 84' lang='lat' dir='ltr'>muros</span> <span class='ocrx_word' id='word_1_420' title='bbox 1010 2175 1159 2215; x_wconf 82' lang='lat' dir='ltr'>posuisse</span> <span class='ocrx_word' id='word_1_421' title='bbox 1205 2175 1353 2206; x_wconf 86' lang='lat' dir='ltr'>volentia</span> <span class='ocrx_word' id='word_1_422' title='bbox 1392 2184 1487 2206; x_wconf 74' lang='lat' dir='ltr'>saxa.</span> 
     </span>
     <span class='ocr_line' id='line_1_92' title="bbox 784 2224 1487 2264; baseline -0.003 -8"><span class='ocrx_word' id='word_1_423' title='bbox 784 2225 870 2256; x_wconf 73' lang='lat' dir='ltr'>Hanc</span> <span class='ocrx_word' id='word_1_424' title='bbox 917 2225 1122 2264; x_wconf 87' lang='lat' dir='ltr'>Amphionio</span> <span class='ocrx_word' id='word_1_425' title='bbox 1160 2225 1300 2255; x_wconf 85' lang='lat' dir='ltr'>vallavit</span> <span class='ocrx_word' id='word_1_426' title='bbox 1350 2224 1487 2264; x_wconf 84' lang='lat' dir='ltr'>pectine</span> 
     </span>
     <span class='ocr_line' id='line_1_93' title="bbox 781 2275 1487 2316; baseline -0.001 -10"><span class='ocrx_word' id='word_1_427' title='bbox 781 2275 948 2306; x_wconf 51' lang='lat' dir='ltr'>&#39;ruebam’</span> <span class='ocrx_word' id='word_1_428' title='bbox 984 2276 1033 2305; x_wconf 87' lang='lat' dir='ltr'>ita</span> <span class='ocrx_word' id='word_1_429' title='bbox 1063 2284 1178 2305; x_wconf 78' lang='lat' dir='ltr'>versus</span> <span class='ocrx_word' id='word_1_430' title='bbox 1204 2275 1257 2305; x_wconf 82' lang='lat' dir='ltr'>isti</span> <span class='ocrx_word' id='word_1_431' title='bbox 1282 2285 1323 2305; x_wconf 79' lang='lat' dir='ltr'>ex</span> <span class='ocrx_word' id='word_1_432' title='bbox 1347 2275 1487 2316; x_wconf 86' lang='lat' dir='ltr'>antiquo</span> 
     </span>
     <span class='ocr_line' id='line_1_94' title="bbox 784 2325 1272 2365; baseline -0.004 -8"><span class='ocrx_word' id='word_1_433' title='bbox 784 2326 903 2357; x_wconf 84' lang='lat' dir='ltr'>codice</span> <span class='ocrx_word' id='word_1_434' title='bbox 920 2325 1064 2365; x_wconf 79' lang='lat' dir='ltr'>legendi.</span> <span class='ocrx_word' id='word_1_435' title='bbox 1098 2325 1142 2355; x_wconf 89' lang='lat' dir='ltr'>D.</span> <span class='ocrx_word' id='word_1_436' title='bbox 1164 2326 1272 2355; x_wconf 80' lang='lat' dir='ltr'>Heius.</span> 
     </span>
    </p>

    <p class='ocr_par' dir='ltr' id='par_1_22' title="bbox 785 2373 1489 2508">
     <span class='ocr_line' id='line_1_95' title="bbox 828 2373 1489 2415; baseline -0.003 -10"><span class='ocrx_word' id='word_1_437' title='bbox 828 2378 889 2406; x_wconf 85' lang='grc'>173</span> <span class='ocrx_word' id='word_1_438' title='bbox 926 2375 1118 2406; x_wconf 63' lang='lat' dir='ltr'>Fulantams</span> <span class='ocrx_word' id='word_1_439' title='bbox 1145 2375 1262 2415; x_wconf 77' lang='lat' dir='ltr'>omnes]</span> <span class='ocrx_word' id='word_1_440' title='bbox 1313 2373 1489 2406; x_wconf 80' lang='lat' dir='ltr'>Fallacibas</span> 
     </span>
     <span class='ocr_line' id='line_1_96' title="bbox 785 2425 1486 2466; baseline -0.003 -10"><span class='ocrx_word' id='word_1_441' title='bbox 785 2436 861 2457; x_wconf 87' lang='lat' dir='ltr'>cum</span> <span class='ocrx_word' id='word_1_442' title='bbox 895 2426 1031 2466; x_wconf 82' lang='lat' dir='ltr'>scriptis</span> <span class='ocrx_word' id='word_1_443' title='bbox 1074 2425 1347 2465; x_wconf 76' lang='lat' dir='ltr'>Raphelengius:</span> <span class='ocrx_word' id='word_1_444' title='bbox 1389 2425 1486 2455; x_wconf 87' lang='lat' dir='ltr'>bene.</span> 
     </span>
     <span class='ocr_line' id='line_1_97' title="bbox 787 2478 884 2508; baseline -0.01 0"><span class='ocrx_word' id='word_1_445' title='bbox 787 2478 884 2508; x_wconf 77' lang='lat' dir='ltr'>Idem.</span> 
     </span>
    </p>

    <p class='ocr_par' dir='ltr' id='par_1_23' title="bbox 786 2525 1489 2668">
     <span class='ocr_line' id='line_1_98' title="bbox 831 2525 1487 2567; baseline -0.006 -8"><span class='ocrx_word' id='word_1_446' title='bbox 831 2531 890 2559; x_wconf 79' lang='lat'>175</span> <span class='ocrx_word' id='word_1_447' title='bbox 916 2526 1193 2567; x_wconf 68' lang='lat' dir='ltr'>,›1111·‹1tisj1‘guris]</span> <span class='ocrx_word' id='word_1_448' title='bbox 1217 2525 1368 2566; x_wconf 85' lang='lat' dir='ltr'>Effigies,</span> <span class='ocrx_word' id='word_1_449' title='bbox 1389 2525 1487 2556; x_wconf 83' lang='lat' dir='ltr'>simu-</span> 
     </span>
     <span class='ocr_line' id='line_1_99' title="bbox 786 2573 1489 2616; baseline -0.01 -6"><span class='ocrx_word' id='word_1_450' title='bbox 786 2581 892 2616; x_wconf 84' lang='lat' dir='ltr'>lacra,</span> <span class='ocrx_word' id='word_1_451' title='bbox 907 2582 1038 2607; x_wconf 74' lang='lat' dir='ltr'>statuas</span> <span class='ocrx_word' id='word_1_452' title='bbox 1063 2578 1235 2606; x_wconf 86' lang='lat' dir='ltr'>inauratas</span> <span class='ocrx_word' id='word_1_453' title='bbox 1257 2575 1341 2606; x_wconf 87' lang='lat' dir='ltr'>dicit</span> <span class='ocrx_word' id='word_1_454' title='bbox 1365 2573 1489 2605; x_wconf 83' lang='lat' dir='ltr'>viventi</span> 
     </span>
     <span class='ocr_line' id='line_1_100' title="bbox 788 2627 1072 2668; baseline -0.004 -10"><span class='ocrx_word' id='word_1_455' title='bbox 788 2629 925 2668; x_wconf 61' lang='lat' dir='ltr'>positas.</span> <span class='ocrx_word' id='word_1_456' title='bbox 955 2627 1072 2658; x_wconf 82' lang='lat' dir='ltr'>Barth.</span> 
     </span>
    </p>

    <p class='ocr_par' dir='ltr' id='par_1_24' title="bbox 787 2671 1491 2769">
     <span class='ocr_line' id='line_1_101' title="bbox 834 2671 1491 2714; baseline -0.011 -6"><span class='ocrx_word' id='word_1_457' title='bbox 834 2681 893 2708; x_wconf 85' lang='grc'>176</span> <span class='ocrx_word' id='word_1_458' title='bbox 920 2679 999 2713; x_wconf 79' lang='lat' dir='ltr'>Quae</span> <span class='ocrx_word' id='word_1_459' title='bbox 1014 2687 1073 2708; x_wconf 80' lang='lat' dir='ltr'>non</span> <span class='ocrx_word' id='word_1_460' title='bbox 1089 2677 1215 2707; x_wconf 75' lang='lat' dir='ltr'>incudes</span> <span class='ocrx_word' id='word_1_461' title='bbox 1229 2672 1415 2714; x_wconf 77' lang='lat' dir='ltr'>streperent]</span> <span class='ocrx_word' id='word_1_462' title='bbox 1435 2671 1491 2703; x_wconf 89' lang='lat' dir='ltr'>Iu-</span> 
     </span>
     <span class='ocr_line' id='line_1_102' title="bbox 787 2723 1489 2769; baseline -0.01 -9"><span class='ocrx_word' id='word_1_463' title='bbox 787 2732 857 2760; x_wconf 74' lang='lat' dir='ltr'>star</span> <span class='ocrx_word' id='word_1_464' title='bbox 873 2738 1002 2768; x_wconf 84' lang='lat' dir='ltr'>earum,</span> <span class='ocrx_word' id='word_1_465' title='bbox 1019 2737 1093 2769; x_wconf 77' lang='lat' dir='ltr'>qua&gt;</span> <span class='ocrx_word' id='word_1_466' title='bbox 1109 2727 1272 2766; x_wconf 81' lang='lat' dir='ltr'>imagines</span> <span class='ocrx_word' id='word_1_467' title='bbox 1298 2723 1489 2765; x_wconf 84' lang='lat' dir='ltr'>principum</span> 
     </span>
    </p>
   </div>
  </div>
 </body>
</html>
