1763 3116
502 172 551 202 IN
588 169 880 201 EUTROPIUM
916 169 1010 199 LIB.
1045 169 1097 199 ll.

72 267 185 302 Silius,
202 266 260 298 lib.
279 275 311 297 v.
335 265 344 283 ‘
360 275 480 305 magna
504 265 662 296 vexillum
686 265 773 296 mole

72 318 231 349 ferebat!
253 318 383 347 Seneca
400 314 547 354 OEdipo:
579 317 587 331 ‘
608 315 772 354 Magnum

71 377 155 406 esse,
171 375 290 406 magua
303 365 390 395 mole
406 364 494 404 qnod
509 364 652 404 petitur,
665 363 772 395 scius!

75 417 147 448 Lib.
178 425 217 446 11.
244 415 277 444 in
306 414 437 444 Stilicli.
468 414 478 430 ‘
501 413 590 446 Quid
620 413 707 452 fugis
737 418 772 443 et

69 465 210 505 spernis,
243 468 336 494 tauta
366 473 465 504 quem
505 464 592 493 mole
631 463 770 494 tueris?

68 516 177 555 Epist.
205 515 246 544 ad
275 513 507 544 Hadrianum:
532 513 646 545 ‘Quid
676 518 772 544 tanta

66 565 216 605 dignaris
254 565 341 595 mole
373 564 530 595 clientem
545 563 566 592 ?’
603 564 658 593 Sic
681 564 770 594 enini

67 624 143 645 curn
171 615 376 645 membranis
405 614 598 653 legendum.
630 614 770 649 Statius,

66 664 174 695 Theb.
192 674 242 695 γι.
267 666 275 681 ‘
294 664 372 705 quid
402 664 491 694 enim
517 663 577 693 liae
604 673 700 703 opus,
716 664 769 694 liei

65 714 160 753 mihi,
178 715 259 746 lethi
275 716 365 745 Mole
382 714 446 745 fuit
461 715 480 744 ff’
506 715 546 745 D.
571 715 683 746 Heius.

111 768 171 795 103
195 766 245 796 Ab
268 775 360 805 ¹usque
390 765 532 804 Gelonis]
559 765 680 794 Martis
704 766 771 795 cul-

68 820 137 846 tum
153 816 184 845 in
201 816 238 845 iis
254 815 412 854 gentibus
430 815 506 844 vide
524 815 610 854 apud
625 815 770 846 ,101111111-

68 864 144 895 dem
163 864 330 902 Gothicis,
346 874 422 903 cap.
439 868 468 894 5.
494 864 609 894 Barth.

110 917 169 944 105
209 915 338 953 Alteque
372 913 494 952 sonoro]
531 914 687 953 Altaeque.
723 914 769 944 D.

69 963 193 994 Heius.

107 1016 166 1044 107
194 1013 426 1053 Foemineasque
442 1012 546 1052 togas]
574 1012 701 1044 Notavi
718 1022 770 1043 su-

66 1073 138 1105 pra.
172 1064 228 1095 Sic
247 1065 267 1095 l.
281 1073 312 1094 v.
331 1074 378 1095 vs,
395 1066 469 1094 266.
494 1063 609 1093 Barth.

111 1118 171 1146 108
195 1115 331 1146 Subrisit
345 1113 481 1153 crudele]
505 1113 592 1144 Vide
608 1113 650 1143 ad
671 1113 770 1153 Papi-

65 1165 180 1205 mium,
196 1166 216 1196 l.
235 1175 314 1196 uir.
333 1176 380 1196 vs,
397 1168 469 1196 581.
494 1164 590 1194 Idem.

111 1217 282 1256 Tristisque
298 1214 474 1255 micantem]
502 1215 674 1255 Cristisque
690 1224 769 1246 vere

65 1266 142 1298 libri
160 1268 328 1305 meliores
345 1272 379 1298 et
398 1266 571 1302 Quassabat
594 1276 658 1297 non
684 1276 770 1306 quas-

65 1318 159 1349 sat-it.-
197 1318 288 1358 prior
316 1318 441 1348 Moreti
473 1317 655 1352 Concussit5
678 1321 714 1347 ut
738 1326 770 1347 a—

68 1369 137 1408 pud
165 1368 266 1399 Ovid.
302 1371 310 1384 ‘
329 1367 535 1397 Concutiens
562 1367 692 1396 illustre
716 1375 770 1396 ca·

69 1416 153 1457 put‚'
171 1416 212 1446 de
230 1415 373 1445 Phoebo.
400 1416 444 1445 D.
465 1414 576 1444 Heius.

113 1468 172 1495 110
197 1465 357 1502 Sanguine
378 1464 501 1493 sordida
527 1465 654 1504 restem]
688 1464 770 1494 Cru-

67 1520 146 1547 enta
163 1515 268 1545 virtus
286 1524 399 1544 comes
417 1514 548 1544 Martis.
574 1514 690 1544 Barth.

110 1569 169 1597 111
197 1564 349 1605 Illyricis]
374 1565 466 1596 Quas
489 1563 594 1595 Gothi
619 1563 766 1594 dabant:

66 1618 134 1649 Eos
154 1626 234 1648 vero
253 1627 271 1646 a
289 1614 411 1646 Rufino
439 1619 474 1645 et
495 1614 661 1654 Eutropio
678 1614 768 1645 fotos

66 1674 102 1700 et
128 1668 308 1707 instigatos
335 1665 488 1696 cladibus
519 1666 678 1696 Romanae
707 1664 769 1695 Rei

66 1718 174 1750 videri
191 1719 263 1748 vult
280 1716 494 1748 Claudianus.
522 1716 618 1747 Idem.

129 1768 296 1807 Stragibus
341 1765 468 1807 hydros]
514 1766 594 1797 Non
631 1765 769 1796 cladibus

64 1819 166 1850 iidem
184 1819 303 1858 scripti
320 1829 326 1848 :
354 1827 412 1858 pro
426 1817 571 1857 pectebat
589 1826 673 1847 uuus
690 1815 769 1847 Am-

65 1869 155 1900 bros.
177 1868 336 1909 pascebat:
370 1868 466 1908 prim.
493 1867 571 1898 Vat.
600 1872 633 1897 et
662 1866 768 1898 Oisel.

64 1919 218 1960 spectabat
227 1929 237 1955 ;
261 1918 349 1949 forte
374 1917 530 1958 pexabat:
566 1927 626 1958 pro
644 1917 769 1957 alloqui-

65 1973 117 2000 tur
142 1969 308 2000 Mazarin.
335 1969 538 2008 aggreditur:
563 1969 694 2008 placet:
722 1970 768 1999 in-

64 2019 128 2061 fra,
143 2022 152 2038 ‘
166 2021 315 2051 Tandem
331 2020 536 2060 Targibilum
549 2020 769 2060 aggreditur,’

65 2081 140 2112 pro,
157 2072 355 2112 alloquitur:
374 2071 420 2101 sic
439 2075 474 2101 et
491 2070 579 2102 alibi.
597 2071 641 2101 D.
658 2071 768 2102 Heius.

108 2124 168 2152 113
194 2122 375 2162 Rigescent]
399 2122 439 2152 In
468 2122 663 2152 serietatem
691 2121 767 2151 viri·

63 2171 140 2202 lem.
166 2172 282 2202 Barth.

107 2225 166 2253 115
195 2223 299 2252 t’attet
319 2222 465 2261 Orontes]
488 2222 543 2252 Sic
565 2225 600 2252 et
626 2222 764 2261 scripti:

63 2272 176 2303 malini
194 2272 409 2302 nihilominus
421 2272 563 2312 squallet.
580 2272 666 2302 Vide
681 2273 768 2304 Con-

64 2323 174 2354 sulatu
190 2323 335 2363 Olybrii,
353 2333 399 2353 vS.
423 2325 500 2353 212.
523 2321 631 2352 infra:
656 2323 664 2339 ‘
684 2323 767 2352 Vas-

65 2373 131 2404 tior
163 2373 312 2413 expulsis
342 2372 468 2403 Oriens
485 2372 670 2414 squallebit
697 2383 767 2403 ara-

65 2422 149 2454 tris.'
173 2423 216 2453 D.
235 2422 344 2453 Heius.

108 2475 169 2503 119
188 2472 517 2513 Obscoenumfacinus]
533 2474 624 2505 Male
641 2473 768 2505 omino-

67 2530 150 2562 sum,
165 2522 285 2553 dirum.

113 2570 258 2602 Crinibus
281 2583 335 2603 ora
355 2573 516 2613 Protegis]
539 2575 676 2605 Pudore
700 2580 766 2606 tam

71 2619 216 2658 turpium
232 2621 427 2654 facinorum.
461 2625 550 2654 Nam
569 2625 661 2656 Deos
678 2626 768 2665 ipsos

71 2667 197 2710 pudere
214 2672 329 2702 talium
344 2673 607 2705 arbitrabantur.
628 2675 745 2706 Barth.

114 2720 175 2751 120
198 2719 343 2759 Protegis
357 2731 393 2753 en
408 2723 526 2765 quates]
549 2724 702 2766 Scriptos
718 2735 768 2757 se-

1414 160 1526 204 1483

823 264 974 305 quimur;
1001 264 1099 303 vulgo
1122 263 1179 294 heu
1195 264 1310 304 quales.
1356 265 1525 305 Dz'ffumlut

823 323 957 354 quoque
975 324 1035 354 pro
1052 314 1203 354 diffundit
1230 323 1313 344 unus
1330 314 1450 347 Petav.
1467 317 1527 354 aif-

813 362 924 400 sundit
940 363 972 393 in
987 366 1073 393 artus
1090 363 1260 393 nonnulli:
1285 373 1360 394 mox
1380 373 1440 404 pro
1455 375 1526 404 par-

821 412 904 442 tibus
934 412 1099 452 Hesperiis
1126 413 1246 442 tertius
1263 413 1449 444 Vaticanus
1474 425 1527 454 pa-

821 463 931 494 tribus.
957 465 1000 494 D.
1019 463 1140 493 Hcins.

866 516 924 544 121
953 513 1029 543 Otia
1047 512 1150 552 ferri]
1188 513 1256 543 Per
1273 523 1347 554 quae
1374 523 1526 545 cessave-

822 567 901 593 runt
918 562 1092 594 admoneri
1109 563 1171 594 sui.
1194 564 1309 595 Barth.

864 616 922 644 125
954 613 1092 652 Vestigia
1106 613 1206 652 juris]
1240 614 1424 645 Consulatu
1442 615 1526 656 Oly-

820 664 896 703 brii,
914 674 961 695 vs.
987 667 1018 695 6.
1040 663 1178 703 fastigia
1207 664 1315 694 videri
1346 665 1524 705 legendum

820 715 1020 745 monuimus.
1049 715 1126 745 vide
1154 725 1229 755 quae
1261 715 1328 745 illic
1359 720 1526 746 notamus,

823 766 918 797 Idem.

863 816 968 855 Juris]
991 816 1144 855 Imperii,
1174 820 1208 847 et
1236 815 1429 856 Majestatis
1458 815 1526 846 Ro-

822 875 1004 896 manorum.
1033 867 1148 897 Barth.

868 918 926 945 127
966 916 1066 954 Turpe
1095 915 1276 955 religasset]
1315 915 1393 946 Non
1424 915 1526 955 igitur

821 966 984 996 admissus
1001 970 1053 995 est
1065 965 1264 995 Consulatui
1282 965 1371 1004 apud
1384 966 1524 996 Romam

822 1018 1007 1047 Romanam
1026 1016 1223 1055 Eutropius.
1257 1017 1353 1046 Idem.

863 1065 999 1104 Defensa
1016 1077 1034 1096 a
1054 1065 1180 1096 Tibi-ide
1196 1067 1320 1106 nomeu]
1348 1064 1389 1095 Tb
1414 1076 1432 1096 a
1459 1076 1524 1097 non

821 1121 1010 1157 agnoscunt
1046 1116 1124 1147 libri
1159 1117 1334 1156 plerique:
1375 1117 1525 1156 agnoseit

820 1168 919 1208 prim.
937 1172 971 1198 et
986 1172 1066 1198 tert.
1082 1168 1161 1198 Vat.
1186 1168 1231 1197 D.
1250 1167 1364 1197 Heius.

864 1221 925 1249 129
961 1218 1108 1259 Portum]
1167 1218 1295 1248 Tutum
1340 1216 1520 1257 refugium.

819 1269 908 1300 Vide
924 1269 965 1300 ad
983 1279 1021 1300 11.
1039 1269 1218 1300 Stilichon.
1244 1277 1268 1298 1.
1292 1268 1326 1299 in
1352 1267 1524 1308 Rufinum,

820 1329 867 1350 VS.
884 1322 958 1351 267.
984 1320 1101 1350 Barth.

866 1369 995 1399 Pulsata
1026 1368 1171 1408 referret]
1212 1369 1378 1406 Referreut
1410 1368 1523 1399 Oxou.

821 1417 1032 1456 elegantius:
1059 1429 1135 1449 mox
1152 1430 1267 1450 omnes
1285 1419 1403 1459 scripti
1420 1419 1525 1457 fastos

820 1466 1005 1505 profasces.
1038 1468 1083 1498 D.
1104 1467 1224 1498 Heius.

865 1518 925 1545 130
950 1517 1101 1554 Majestas
1117 1517 1221 1557 Latii]
1247 1518 1387 1558 Imperii
1406 1519 1525 1549 Roma-

819 1566 853 1596 ni
871 1567 1072 1598 auctoritas,
1096 1567 1213 1598 Barth.

864 1620 923 1648 133
964 1618 1067 1653 Quam
1094 1618 1208 1648 similes
1238 1617 1302 1648 hoec
1331 1619 1402 1648 aula
1427 1619 1524 1658 viros]

819 1667 996 1707 Abi-uptus
1014 1677 1138 1706 sermo,
1163 1672 1200 1698 ut
1224 1668 1432 1699 iracundiam
1450 1669 1525 1710 ipsa

819 1719 1014 1748 narratione
1030 1719 1247 1749 concitantis.
1272 1719 1369 1749 Idem.

865 1769 965 1803 Quam
981 1768 1096 1798 similes
1120 1769 1184 1799 11αο
1204 1769 1275 1799 aula
1297 1769 1394 1808 viros]
1435 1769 1525 1800 Livi-

819 1818 914 1849 neius
932 1822 966 1849 et
981 1819 1142 1849 Bartbius
1159 1819 1250 1849 curis
1268 1820 1525 1860 posterioribus,

818 1869 908 1899 habet
937 1870 1028 1905 auIa;
1065 1869 1123 1899 sed
1156 1878 1348 1909 perperam.
1396 1871 1522 1900 Lucan.

818 1919 878 1951 lib.
897 1929 977 1950 vin.
1003 1922 1010 1936 ⁶
1028 1920 1059 1950 O
1078 1920 1207 1960 superi,
1232 1921 1376 1950 Nilusne
1394 1924 1429 1951 et
1446 1920 1522 1951 bar-

819 1969 901 2000 bara
917 1970 1087 2010 Memphis
1106 1970 1178 2000 Hos
1195 1971 1323 2000 animos
1338 1970 1360 2000 ?’
1382 1970 1419 2000 τὸ
1434 1971 1524 2002 habet

819 2019 1084 2059 subintelligitur
1100 2031 1106 2050 :
1124 2021 1242 2050 borum
1260 2025 1294 2050 et
1314 2021 1432 2060 plenus
1451 2022 1525 2051 Sta·

820 2069 897 2100 tius.
931 2070 1014 2100 Mox
1032 2080 1103 2100 num
1122 2080 1182 2109 pro
1199 2080 1258 2100 non.
1277 2070 1326 2100 bis
1343 2071 1524 2110 legendum

817 2129 893 2150 cum
910 2120 1003 2150 libris
1021 2120 1228 2151 melioribus.
1257 2121 1301 2150 D.
1321 2120 1434 2152 Heius.

861 2172 922 2200 136
949 2170 1121 2210 Graiosque
1141 2170 1299 2210 Quirites]
1338 2171 1378 2201 In
1412 2171 1524 2202 Graio-

817 2230 885 2251 rum
903 2230 983 2251 voce
1000 2220 1086 2251 latet
1098 2220 1314 2251 Sat-casinus:
1332 2227 1419 2252 notae
1433 2221 1523 2252 enim

818 2271 1050 2301 transmarinae
1091 2269 1238 2309 offucias»,
1271 2271 1522 2302 contemtibiles

818 2320 1007 2352 Quiritibus
1025 2320 1156 2360 priscis.
1196 2321 1265 2351 Per
1281 2322 1522 2353 contumeliam

817 2381 897 2411 ergo
917 2371 1038 2402 Graios
1057 2371 1219 2411 Quirites,
1248 2381 1314 2402 non
1338 2372 1522 2412 Romanos,

817 2422 913 2453 dixit.
938 2422 1056 2453 Barth.

861 2472 1018 2511 Quirites]
1043 2472 1158 2502 Cacsar
1181 2473 1244 2503 boc
1271 2482 1336 2503 uno
1355 2471 1525 2503 vocabulo

816 2524 960 2555 militum
985 2523 1111 2554 animos
1137 2522 1307 2562 depressit
1326 2523 1377 2554 vel
1395 2521 1522 2552 excita-

817 2573 879 2603 vit.
905 2574 1031 2604 Lucan.
1055 2574 1063 2588 ⁶
1086 2572 1229 2604 Tradite
1247 2578 1361 2603 vestra
1378 2571 1454 2602 viris
1470 2571 1519 2612 ig-

817 2624 893 2655 navi
908 2624 1005 2663 signa
1023 2623 1198 2655 Quirites!
1227 2625 1346 2654 Ctucer.

863 2676 923 2704 138
941 2674 1036 2704 Nulla
1051 2673 1187 2713 virilem]
1205 2674 1289 2704 Haec
1304 2681 1382 2702 vera
1393 2670 1518 2702 lectio:

817 2725 907 2766 quod
934 2729 969 2756 et
998 2724 1253 2766 Raphelengius
1279 2722 1386 2754 vidit:
1410 2725 1446 2755 et
1468 2721 1518 2754 sie
