1859 3148
307 135 325 173 l
335 133 420 174 726

509 143 649 172 NOTAE
679 135 941 170 VARIORUM
977 140 1025 169 IN
1063 140 1138 170 CL.
1171 139 1355 170 CLAUD.
1392 139 1553 169 Lxxu.

943 359 1131 401 LXXI.

522 504 593 545 ⁶21.
644 500 711 543 De
734 499 845 542 ,Ζοιια
866 500 918 541 ab
939 500 1075 542 eadem
1098 500 1213 540 missa
1238 499 1416 539 Arcadio
1440 498 1552 554 Aug.

352 631 366 657 l
395 625 535 657 Stamine
557 623 765 664 resplendens]
800 623 935 654 Novum
951 621 1005 652 hic

305 677 511 717 epigramma
526 675 647 715 incipit
670 673 703 704 in
721 674 819 714 prim.
838 673 1006 704 Vaticano

306 733 341 758 et
360 727 423 758 Ed.
443 724 630 757 Parmensi.
658 724 739 755 Vat.
754 722 850 754 addit
867 722 1008 762 inscrip-

306 778 450 807 tionem:
477 776 562 806 Idem
581 776 617 806 de
643 784 717 806 :ona
734 773 825 804 missa
841 772 879 803 ab
903 773 1008 803 eadem

309 827 442 858 Arcadio
464 827 622 866 Augusto.-
647 824 738 866 quod
765 828 800 855 et
823 833 882 855 nos
899 823 1008 863 sequi-

1060 630 1145 652 mul·-

1192 618 1221 650 A
1237 619 1371 650 caeteris
1394 618 1488 648 libris
1503 617 1598 648 abest
1611 617 1674 648 hoc
1697 618 1766 657 epi-

1062 678 1221 710 gramma.
1258 669 1316 700 Vs.
1332 671 1362 699 2.
1380 677 1441 708 pro
1457 667 1536 707 ligat
1550 667 1660 717 Vat'ie.
1677 668 1767 706 liget.

1063 720 1104 751 D.
1122 720 1241 751 Heius.

1106 773 1124 801 3
1150 771 1252 801 Decus
1269 769 1333 800 Eoo
1349 767 1466 807 fratri]
1492 767 1593 799 Clare
1612 766 1707 799 vides
1724 765 1768 797 ad

1065 821 1250 852 Arcadium
1265 821 1337 851 haec
1355 819 1541 860 pertinere.
1565 818 1682 850 Barth.

929 1017 1145 1059 LXXII.

694 1162 751 1188 oo

694 1192 761 1202 mm·-

348 1284 473 1314 Va'ric.
499 1281 637 1320 primus,
654 1281 704 1311 De
719 1281 877 1320 chlamyde
898 1282 927 1309 et
940 1279 1008 1317 fre-

305 1335 372 1364 nis:
396 1333 523 1372 primus
552 1329 644 1361 Med.
668 1331 719 1360 De
745 1329 914 1370 chlamyde.
961 1330 1006 1360 D.

304 1384 424 1415 Heius.

346 1432 512 1463 Vitiosum
540 1431 675 1462 titulum
699 1429 864 1461 indicavit
887 1430 1007 1461 Clave-

303 1484 384 1521 rius,
402 1492 478 1512 cum
492 1481 535 1512 de
551 1480 728 1520 chlamyde
744 1480 815 1510 sola
831 1489 1007 1519 argumen-

303 1538 373 1564 tum
400 1532 526 1563 habeat
552 1531 784 1571 Epigramma.
830 1529 1006 1560 Commen-

302 1584 363 1614 dat
380 1588 492 1613 autem
508 1582 633 1612 donum
657 1581 809 1617 Serenae,
827 1589 893 1619 quo
910 1589 1006 1610 orna-

302 1637 355 1664 rat
378 1632 581 1669 Honorium,
605 1635 642 1661 ut
662 1640 727 1660 non
743 1630 851 1659 minus
870 1639 968 1670 qnam
987 1639 1006 1659 a

302 1683 487 1714 Stilichone
505 1681 633 1713 exuviis
661 1680 840 1711 hostilibus
863 1679 1003 1710 bellicus

301 1733 375 1773 ejus
401 1733 511 1763 cultus
538 1732 714 1771 poliretur,
739 1739 822 1760 uxor
850 1729 1004 1769 ejusdem

303 1782 481 1823 pacificum
495 1782 632 1821 flemis,
644 1780 821 1821 pacificum
836 1779 1004 1818 Principis

300 1833 452 1864 habitum
472 1832 628 1863 excolere
656 1840 788 1871 aequum
814 1830 1005 1870 bonumque

302 1884 452 1915 duxerit.
477 1883 592 1914 Barth.

344 1937 360 1964 1
401 1934 472 1964 Non
496 1932 627 1972 semper]
660 1929 884 1962 Remissiores
907 1938 1004 1960 curas

301 1984 458 2024 exemplo
473 1984 624 2014 Deorum
642 1982 782 2012 inducto
796 1980 929 2021 probat.
950 1980 1005 2010 Ita

302 2035 413 2065 solent
432 2034 564 2064 Poetae.

359 2084 560 2113 Metuendum
594 2082 752 2122 gentibus]
797 2080 1005 2119 Barbaricis,

301 2142 383 2174 quas
409 2133 501 2163 cirea
530 2133 627 2162 Ilium
646 2131 807 2170 plurimas
833 2131 1003 2169 subegisse

300 2183 470 2213 Achillem
485 2182 654 2212 Homerus
666 2181 790 2221 aliique
804 2186 1003 2212 memorant.

301 2234 417 2265 Barth.

342 2286 361 2314 3
379 2283 528 2314 Ardentis
540 2283 639 2313 Antra
653 2281 730 2320 Dei]
744 2282 917 2312 Vulcanus
930 2281 1002 2321 ipse

300 2335 398 2375 ignis.
457 2333 552 2364 Idem
580 2337 694 2363 autem
725 2342 845 2362 numen
874 2336 907 2362 et
934 2332 1003 2370 igni

300 2389 336 2416 et
363 2384 452 2415 ferro
483 2394 502 2414 a
534 2383 705 2413 veteribus
736 2382 1001 2422 praeficiebatur.

301 2435 400 2466 Idem.

343 2488 363 2517 4
398 2486 529 2516 Galeam.
545 2485 676 2522 [ιιι-ἑυνα
701 2483 883 2523 comantem]
911 2484 1002 2514 Frac-

299 2541 371 2567 tura
388 2541 455 2567 tres
487 2536 671 2567 Florentiui
689 2542 723 2566 et
741 2536 860 2565 tertius
891 2535 1001 2566 Vatic.

301 2590 337 2616 et
353 2595 432 2616 sane
448 2586 562 2616 Thetis
587 2586 715 2621 galeam
743 2595 807 2614 nou
834 2584 926 2623 fecit,
942 2584 1000 2614 scd

300 2636 491 2667 Vulcanus:
528 2636 614 2666 forte
643 2639 772 2675 pac-tura
803 2636 1001 2674 legeudum;

300 2686 481 2731 praecessit
494 2692 606 2718 tamen
618 2691 654 2718 et
666 2687 804 2727 clypeum
812 2685 1003 2725 fabricabat.

823 1160 882 1200 Dc
909 1158 1134 1213 Chlamydc
1156 1165 1195 1197 et
1220 1157 1385 1197 Frcenis.

1064 1279 1133 1308 Pro
1150 1278 1240 1308 mitia
1254 1280 1397 1318 quatuor
1412 1275 1486 1307 libri
1500 1277 1621 1307 nuncia.
1646 1276 1766 1308 Patav.

1063 1329 1184 1358 inania.-
1209 1326 1298 1358 forte
1316 1327 1459 1358 inermia.
1485 1327 1529 1358 D.
1550 1326 1670 1357 Heius.

1107 1381 1147 1409 10
1173 1377 1346 1416 Onerabat]
1381 1375 1493 1408 Infert
1519 1381 1672 1407 veterum
1700 1386 1768 1408 mo-

1063 1438 1146 1466 rem,
1159 1428 1244 1459 adeo
1262 1428 1391 1468 magnis
1408 1426 1549 1458 molibus
1561 1436 1767 1467 gemmarum

1062 1478 1267 1508 vestimenta
1295 1477 1429 1516 operire
1455 1477 1645 1515 solitorum,
1670 1481 1707 1507 ut
1735 1487 1768 1507 e-

1062 1528 1143 1559 tiam
1162 1528 1255 1558 oneri
1273 1531 1385 1558 essent
1403 1527 1626 1567 gestantibus.
1653 1528 1766 1559 Barth.

1106 1578 1263 1609 Onerabat
1279 1579 1386 1608 sedula
1396 1577 1542 1616 gemmis]
1567 1577 1622 1607 Sic
1638 1578 1766 1608 Lucen-

1061 1628 1103 1659 sis
1119 1638 1193 1660 cum
1210 1628 1316 1668 primo
1330 1628 1514 1658 Vaticano:
1541 1627 1598 1657 alii
1613 1626 1683 1658 fere
1699 1638 1766 1659 om-

1060 1688 1117 1710 nes
1135 1679 1281 1714 ornnlmt,·
1311 1677 1400 1719 quod
1416 1678 1525 1708 minus
1544 1678 1671 1718 placet,
1687 1680 1766 1719 quia

1058 1732 1238 1759 ornamenta
1255 1732 1512 1768 praecesserant.
1538 1728 1581 1758 D.
1600 1728 1712 1759 Heius.

1104 1782 1142 1809 12
1169 1778 1349 1818 Obsequiis:
1375 1787 1457 1807 socer
1474 1787 1511 1808 en
1536 1777 1684 1818 Stilicho]
1708 1779 1765 1809 So-

1059 1830 1121 1860 ceri
1138 1829 1271 1859 Stilicho
1287 1832 1420 1859 veteres
1437 1827 1509 1859 fere
1525 1837 1650 1859 omnes.
1690 1829 1767 1858 Dis-

1061 1879 1176 1918 tingue
1199 1879 1349 1919 obsequiis
1373 1879 1477 1909 soceri.
1524 1878 1650 1910 Soceros
1666 1883 1766 1910 vocat

1059 1930 1277 1960 Stilichonem
1304 1934 1339 1960 et
1363 1930 1544 1960 Serenam:
1579 1929 1626 1960 sic
1656 1929 1764 1969 Epist.

1061 1981 1102 2011 ad
1129 1980 1303 2019 Serenam,
1327 1979 1493 2011 ‘Inflexit
1518 1979 1678 2018 socero&
1704 1989 1764 2020 pro

1061 2031 1258 2071 parentibus
1291 2041 1438 2071 sponsae.
1494 2030 1622 2061 Statius
1657 2030 1764 2061 Theb.

1058 2091 1139 2112 vnn.
1157 2083 1166 2098 ‘
1182 2081 1343 2113 Quamvis
1358 2081 1475 2112 Cirrha
1489 2081 1617 2119 domus,
1630 2088 1764 2111 soceros

1058 2143 1122 2163 nec
1150 2133 1306 2163 tristibus
1332 2132 1417 2163 actis
1446 2131 1633 2162 Aversatus
1663 2129 1764 2161 erat.'

1058 2183 1098 2213 Id
1117 2187 1181 2222 cst,
1198 2182 1362 2222 OEdipum
1387 2186 1420 2211 et
1446 2182 1632 2213 Jocastam.
1675 2181 1764 2210 The-

1057 2233 1147 2263 baid.
1177 2241 1242 2262 xil.
1266 2232 1274 2247 ‘
1290 2241 1351 2262 nee
1383 2231 1484 2261 surda
1508 2230 1590 2261 ferae
1617 2230 1764 2269 pulsabi-

1059 2291 1131 2312 mus
1157 2281 1248 2311 urbis
1279 2281 1422 2318 Limina,
1453 2286 1531 2311 suut
1559 2280 1627 2311 illie
1653 2281 1763 2312 soceri

1058 2332 1149 2370 mihi,
1167 2336 1310 2372 suntque
1328 2341 1461 2362 sorores
1475 2330 1658 2370 Conjugis!
1683 2331 1765 2361 Bar-

1059 2381 1128 2412 thio
1145 2381 1253 2412 codex
1272 2382 1448 2412 Palatinus
1466 2382 1518 2411 hic
1537 2381 1710 2421 imposuit,
1726 2384 1763 2412 ut

1059 2432 1346 2462 mendosissimam
1394 2431 1577 2462 lectionem
1617 2431 1763 2471 amplec-

1058 2488 1198 2514 teretur.
1230 2483 1330 2522 Apud
1353 2483 1549 2513 Maronem:
1571 2482 1579 2498 ‘
1598 2483 1674 2514 Qua
1689 2491 1762 2512 sese

1058 2533 1098 2563 ad
1127 2542 1261 2563 soceros
1290 2532 1381 2562 ferre
1409 2533 1604 2562 incomitata
1629 2531 1762 2563 solebat

1058 2583 1296 2614 Andromache
1312 2582 1332 2612 :'
1370 2584 1408 2612 aa
1435 2592 1564 2620 socer03‚
1592 2581 1634 2611 ad
1666 2581 1761 2612 Pria-

1058 2645 1146 2665 mum
1162 2639 1196 2665 et
1215 2634 1406 2665 Hecubam.
1460 2634 1593 2664 Seneca
1612 2632 1759 2663 Medea:

1055 2686 1064 2702 ‘
1083 2686 1183 2717 Nunc
1202 2685 1344 2727 primum
1360 2684 1485 2716 soceris
1504 2687 1627 2724 sponte
1651 2682 1761 2715 volen-
