1859 3148
348 79 459 119 1752
785 86 1037 118 RECENSUS
1074 88 1351 119 {mirionum

398 188 551 232 poetam
572 182 911 219 candidissimum:
945 182 1011 219 sed
1035 183 1182 220 mendis
1214 184 1420 221 innumeris
1452 183 1705 235 denigratum,
1736 187 1792 222 his

402 246 534 294 paucis
556 245 690 282 diebus
721 257 763 280 ea
784 256 859 292 qua
880 244 1073 293 potuimus
1094 245 1290 296 diligentia
1312 247 1347 283 in
1371 247 1561 296 pristinam
1581 248 1794 297 redegimus

402 310 665 358 majestatem:
698 320 863 356 eumque
896 321 966 344 suo
987 312 1043 355 (ut
1076 311 1261 358 possibile
1284 311 1370 356 suit)
1399 310 1559 347 candori
1578 312 1794 349 restitutum

401 373 448 408 ad
485 372 742 409 studiosorum
780 371 1025 408 commodum
1058 373 1354 421 imprimendum
1385 374 1798 411 curavinnis.——Edidi-

401 448 482 471 uius
497 433 730 483 praetereain
748 434 846 471 hunc
862 434 985 483 ipsum
1000 441 1156 484 poetam
1179 437 1350 473 locorum
1373 437 1581 474 difficilium
1604 450 1798 474 commen-

403 497 573 534 tariolum
595 510 602 532 :
637 496 741 545 quod
765 497 988 546 propediem
1011 498 1143 535 eodeni
1160 500 1249 535 moti
1265 500 1338 536 fine
1356 501 1504 538 favente
1527 503 1609 538 Deo
1633 501 1797 537 inaximo

401 560 708 608 publicabimus)
767 560 976 598 Edidimus
996 562 1112 598 credo
1133 563 1183 598 ita
1201 562 1540 612 interpretandum,
1570 564 1799 601 dictavimus

400 623 639 659 auditoribus
670 623 830 660 nostris:
859 623 1157 674 publicabimuS,
1195 625 1295 674 typis
1317 627 1532 664 curabimus
1554 628 1799 676 vulgandum.

404 689 487 725 Hoc
509 689 700 737 posterius
718 696 844 725 utrum
867 688 1009 726 factum
1030 690 1090 734 sit,
1121 703 1196 726 non
1218 690 1342 727 liabeo
1361 691 1501 728 dicere.
1559 692 1628 728 Per
1649 698 1800 741 tempo-

399 767 481 790 rum
503 754 689 790 rationein
711 752 787 790 fieri
810 754 965 803 potnit:
998 754 1066 791 diu
1086 755 1185 792 enim
1209 756 1430 804 supervixit.
1486 757 1670 794 Testante
1704 757 1802 793 Ges-

401 831 505 862 nero,
550 831 674 866 neque
710 818 889 854 Barthius
921 831 1045 868 neque
1084 819 1268 856 Nicotaus
1305 820 1483 857 Ileinsius
1515 821 1585 856 hac
1621 821 1676 856 usi
1714 826 1802 857 sunt

400 881 581 925 editione,
597 881 659 918 sed
684 881 886 919 laudarunt
902 895 985 918 eam
1003 882 1222 930 Isingrinius
1252 884 1474 921 Basileensis
1495 884 1672 921 editionis
1693 897 1801 921 cura-

402 952 476 990 tor,
507 952 543 982 et
565 946 760 982 Clax‘erius
781 946 961 982 Parisinae
980 946 1118 983 editor.
1178 948 1260 996 lpse
1287 950 1409 984 Gesn.
1432 947 1649 984 varietatem
1672 947 1802 983 lectio-

403 1009 459 1044 nis
483 1008 704 1045 Viennensis
737 1009 939 1057 diligenter
964 1010 1146 1053 enotavit,
1179 1010 1319 1047 fatetur
1346 1018 1472 1048 tamen
1508 1011 1668 1059 ingenue
1689 1011 1803 1059 spici-

403 1072 500 1120 legio
534 1071 658 1107 locuni
690 1086 772 1108 esse
807 1073 994 1111 relictum.
1071 1074 1229 1111 Camers
1265 1087 1353 1111 vcro
1387 1075 1432 1111 ad
1468 1074 1674 1111 Victoriam
1715 1075 1803 1111 Stil.

403 1142 538 1172 contra
576 1136 769 1172 Alaricum
810 1137 943 1173 scribit
962 1151 970 1173 z
1015 1143 1023 1157 ‘
1041 1137 1285 1173 Correxinius
1323 1151 1367 1174 ex
1407 1143 1558 1174 vetusto
1596 1138 1804 1186 exemplari

405 1205 485 1234 toto
507 1212 514 1234 ε
548 1199 584 1234 in
605 1198 681 1235 alio
713 1199 973 1235 vetustissimo
1005 1200 1166 1243 Codice,
1200 1214 1312 1249 quem
1335 1200 1438 1250 apud
1462 1200 1603 1237 Aldum
1627 1202 1698 1238 Ro.
1721 1201 1805 1237 reli-

406 1261 556 1310 quimus
585 1261 773 1298 Tomari!
853 1262 966 1298 Unde
1002 1263 1091 1299 huic
1123 1263 1280 1301 editioni
1301 1277 1324 1301 a
1345 1264 1523 1302 Camerte
1555 1263 1687 1302 addita
1719 1271 1805 1302 sunt.

405 1323 568 1360 antehac
590 1324 758 1360 nondum
782 1324 989 1373 impressa:

667 1419 871 1457 Claudiani
892 1420 972 1457 laus
992 1421 1144 1458 Christi.
1170 1422 1313 1459 Proles.

772 1512 779 1520 .
812 1484 989 1521 miracula
1008 1484 1165 1521 Christi.
1191 1485 1369 1534 Angelus.

672 1576 679 1583 .
706 1559 714 1583 ;
738 1576 745 1584 .
768 1577 776 1584 .
808 1547 944 1584 laudes
966 1547 1159 1584 Herculis.
1176 1547 1383 1585 Pieridum.

670 1611 904 1648 Claudianus
926 1611 962 1647 in
984 1612 1148 1649 Sirenas.
1169 1612 1308 1649 Dulce.

354 1718 449 1750 1511
486 1710 656 1748 Parisina
681 1723 708 1748 1.
730 1711 789 1749 Cl.
812 1712 1021 1749 Claudiani
1056 1713 1294 1762 Proserpinae
1332 1719 1465 1763 raptus
1500 1727 1587 1751 cum
1607 1715 1691 1752 Jani
1720 1715 1808 1753 Par·

403 1774 517 1811 rhasii
532 1775 818 1812 commentariis
833 1776 882 1811 ab
896 1788 941 1812 eo
963 1776 1157 1825 castigatis
1179 1783 1217 1812 ct
1235 1776 1356 1813 auctis
1369 1777 1586 1814 accessione
1604 1778 1806 1815 multarum

402 1851 528 1875 rerum
550 1839 706 1887 cognitu
728 1839 1046 1888 dignarum—ln
1068 1841 1142 1876 imo
1171 1840 1305 1889 insigni
1327 1841 1559 1891 typographi
1584 1841 1805 1891 inscriptum

405 1908 461 1938 est
483 1902 565 1950 ejus
583 1915 744 1939 nomen:
779 1903 919 1940 Ponset
937 1904 987 1940 Le
1009 1904 1145 1940 Preux.
1163 1910 1242 1941 tum
1264 1904 1460 1941 additum:
1495 1910 1505 1924 ‘
1527 1905 1808 1943 venundantur

406 1978 427 2001 a
451 1965 586 2002 Pontio
609 1967 731 2014 probo
757 1966 974 2015 Bibliopola
1006 1967 1043 2002 in
1075 1967 1222 2003 (edibus
1258 1968 1492 2004 Potistannei
1522 1969 1812 2006 commorante.'

406 2029 449 2064 ln
472 2028 569 2065 fine:
605 2034 613 2048 ‘
639 2030 871 2077 Impressuin
895 2030 1046 2066 Parisiis
1080 2043 1146 2079 per
1168 2031 1376 2067 Antonium
1402 2032 1637 2068 ssonnemere
1660 2032 1809 2081 Impen-

407 2091 454 2127 sis
473 2092 595 2128 Pontii
616 2092 648 2128 le
668 2093 803 2129 Preux.
851 2095 963 2129 Anno
987 2094 1142 2130 Domini
1161 2097 1419 2132 MCCCCCX1.'
1466 2094 1537 2131 Die
1559 2107 1647 2131 vero
1668 2103 1806 2132 xvlll.

405 2155 648 2193 Decembris.
706 2157 773 2193 Est
793 2156 829 2192 in
853 2156 948 2193 bibl.
970 2158 1112 2207 Gymn.
1136 2158 1221 2206 ssip.

356 2224 455 2256 1514
485 2218 712 2268 Erpliurdiae
731 2233 738 2256 :
772 2219 909 2256 Claud.
940 2220 987 2256 de
1009 2222 1056 2258 R.
1078 2220 1280 2257 prosu-in
1302 2219 1454 2256 officina
1490 2218 1670 2256 Industrii
1689 2221 1806 2257 Joan-

406 2282 462 2318 nis
503 2283 681 2331 Cnappii,
713 2289 748 2319 «κ.
779 2296 892 2332 quarn
925 2296 1038 2332 penes
1080 2283 1197 2331 ampl.
1246 2282 1416 2318 Duvium
1454 2283 1692 2319 llannoverae
1724 2297 1807 2321 esse

405 2346 519 2383 refert
537 2348 747 2383 (jesnerus.

360 2414 455 2451 1517
489 2409 607 2446 Paris.
634 2421 681 2445 ιι.
703 2410 750 2445 de
774 2410 818 2445 R.
841 2410 947 2445 l‘ros.
968 2422 1002 2445 c.
1039 2409 1258 2446 Comment.
1293 2409 1481 2446 Parrhasii
1511 2422 1580 2460 per
1598 2411 1660 2448 Jo.
1683 2412 1808 2448 Gour-

407 2473 609 2517 montium,
632 2480 668 2508 4.
691 2486 736 2508 ex
760 2474 844 2509 Cat.
870 2472 970 2508 Bibl.
992 2472 1139 2508 Bunav.

361 2540 458 2573 1518
491 2536 595 2585 Lips.
617 2535 665 2573 de
702 2537 747 2573 R.
772 2536 833 2573 Pr.
865 2542 901 2573 4.
924 2536 1162 2572 Memoratur
1196 2535 1230 2571 in
1266 2537 1353 2574 Cat.
1390 2536 1490 2575 Bibl.
1513 2537 1607 2575 clar.
1631 2538 1805 2583 Ernestii‚

410 2597 536 2636 forsan
557 2599 690 2636 eadem
710 2612 796 2636 eum
819 2599 879 2636 illa
901 2612 931 2637 s.
948 2612 969 2636 a
990 2600 1061 2637 sub
1083 2598 1196 2637 finem
1219 2599 1339 2637 :etatis
1362 2611 1391 2638 1.
