1763 3116
398 162 448 193 IN
483 161 536 191 11.
569 157 708 189 coNS.
740 153 1073 187 STILICHONIS·

10 256 99 289 natis
115 256 253 288 Parcite
270 255 382 287 verbis
397 252 416 284 :'
438 263 511 283 eam
529 251 615 281 enim
642 251 707 280 lee-

11 308 138 339 tionem
167 316 240 337 cum
267 304 390 336 vetusti
417 303 548 333 codices
565 300 707 338 castiga-

12 357 128 392 tiores,
147 364 213 386 tum
236 361 330 385 vetus
354 352 558 382 selno1iastes
576 358 707 389 quoque

12 411 209 446 agnoscunt,
230 413 291 434 non
317 404 392 432 male
417 401 580 431 nominatis
598 398 707 429 verbis.

10 451 709 497 ScripseratSuetoniuslii›rumintegrum,

10 511 49 537 ut
65 514 105 537 ex
124 504 361 536 Grammaticis
378 502 549 538 discimus,
569 501 607 531 de
627 500 710 530 Voci-

9 554 64 585 bus
90 555 167 584 male
196 553 350 583 mnivmtis.
409 550 504 581 Idem
536 549 711 587 Horatius,

9 605 30 635 l.
52 613 91 635 11.
115 604 180 635 Od.
205 606 257 633 20.
289 605 296 618 ⁶
315 602 391 634 Jam
423 599 586 630 Daedaleo
615 598 711 629 ocior

8 655 111 687 Icaro
127 656 240 685 Visam
255 653 424 693 gementis
441 653 560 682 littora
582 652 710 691 Bospo—

10 706 63 738 ri.'
109 706 218 746 Epod.
237 709 267 735 5.
291 705 300 721 ‘
320 705 405 734 Post
422 702 593 742 insepulta
610 711 710 731 niem-

12 755 74 787 bra
99 755 255 786 differt-ut
283 755 353 794 lupi
382 755 423 784 lit
451 753 634 793 Esquilina*
654 752 711 781 ali-

13 806 90 838 tes.’
136 806 246 846 Epod.
266 809 314 836 13.
338 809 346 821 ‘
366 805 464 835 Nunc
492 813 596 839 mare,
623 812 710 833 nunc

14 858 108 888 siluae
132 857 286 887 Threicio
309 856 475 895 Aquilone
497 859 635 884 sonant:
663 863 712 883 ra-

14 908 155 948 piamus,
182 907 292 943 amici,
320 906 544 935 Occasionem
563 903 605 934 de
623 903 677 932 die
693 906 712 933 ι’

14 957 134 998 quibus
173 957 254 986 locis
291 955 370 984 nihil
412 958 463 984 est
502 953 710 983 mutandum.

12 1005 109 1037 Idem
139 1005 315 1038 Horatius,
340 1004 361 1032 l.
388 1012 427 1033 11.
447 1004 517 1032 Sat.
545 1011 584 1033 ιι.
607 1002 616 1018 ‘
632 1011 710 1031 num

13 1055 160 1086 vesceris
179 1054 253 1093 ista,
279 1053 388 1084 Quam
417 1051 548 1089 laudas,
576 1051 711 1090 pluma?

13 1112 110 1138 cocto
138 1115 215 1136 num
245 1104 341 1135 adest
371 1104 478 1133 honor
505 1101 592 1132 idem
607 1100 629 1131 ξ’
664 1101 711 1131 sic

14 1162 212 1188 constanter
237 1155 440 1186 membranae
467 1158 611 1188 veteres,
635 1161 713 1192 non,

13 1211 132 1238 coctore
147 1216 217 1237 num
233 1207 328 1236 adest.
374 1204 443 1235 Ubi
462 1208 575 1234 tamen
592 1202 712 1233 fortas-

15 1258 57 1287 sis
84 1256 278 1297 legendum,
303 1258 424 1285 coctone
447 1255 533 1284 adest
559 1253 630 1283 siue
654 1252 713 1282 eli-

16 1307 123 1337 sione.
167 1305 309 1343 Statius,
324 1304 428 1334 Theb.
446 1312 492 1333 ιν.
509 1313 550 1333 ex
579 1302 714 1342 optimis

16 1356 243 1387 membranis:
281 1356 289 1371 ‘
315 1353 403 1384 unde
432 1355 503 1384 hoec
536 1352 715 1383 furibunda

16 1406 154 1447 cupido,
173 1405 275 1444 Nate,
292 1405 376 1435 tibi?
399 1410 516 1435 teucro
542 1404 631 1434 uude
656 1404 715 1434 ini-

18 1457 122 1497 proba
139 1460 278 1496 pectore
302 1455 405 1485 virtus
417 1455 438 1484 ?’
484 1454 586 1494 Apud
612 1455 716 1485 Juve-

18 1507 140 1545 nalem,
157 1506 228 1536 Sat.
248 1513 314 1535 xu.
337 1506 345 1520 ‘
360 1504 628 1542 deciderejactu
643 1504 717 1534 Coe-

17 1557 67 1597 pit
85 1566 161 1587 cum
187 1555 310 1593 ventis,
326 1555 478 1585 imitatus
496 1558 643 1592 castora,
659 1555 715 1595 qui

16 1617 51 1637 se
70 1606 266 1637 Eunuchum
283 1606 354 1645 ipse
370 1603 465 1642 facit,
485 1604 623 1644 cupiens
640 1614 716 1635 eva-

17 1657 96 1688 dere
123 1656 246 1687 damno
267 1655 442 1686 'resticuli.
466 1654 549 1685 adeo
572 1654 717 1685 medica-

19 1713 89 1738 tum
106 1706 267 1746 intelligit
284 1705 406 1745 inguen
420 1707 441 1735 2’
464 1704 631 1745 quomodo
648 1704 717 1734 illic

17 1758 80 1789 loci
97 1767 162 1788 non
178 1757 285 1787 solum
303 1755 484 1786 veterrima
509 1755 720 1795 exemplaria

21 1819 40 1838 a
67 1817 120 1838 nie
148 1807 318 1847 inspecta,
344 1805 404 1836 sed
428 1805 564 1836 Servius
588 1815 718 1846 quoque

19 1860 40 1891 1.
57 1868 80 1889 1.
100 1859 226 1899 Georg.
241 1857 362 1897 Virgil.
374 1867 421 1887 vs.
435 1860 489 1888 58.
506 1860 719 1897 agnoscunt;

20 1920 94 1941 cum
119 1910 151 1940 in
174 1908 318 1949 vulgatis
334 1907 508 1938 codicibus
523 1908 567 1938 sit
586 1907 720 1938 Testicu-

20 1962 128 1992 lorum.
175 1960 256 1990 Pari
279 1959 379 1989 modo
405 1968 496 1999 saepe
520 1958 599 1989 alibi
617 1958 721 1990 Juve-

21 2011 105 2042 nalis
131 2010 233 2049 idem,
258 2014 295 2040 ut
318 2010 437 2049 Satyra
464 2008 635 2039 secunda:
659 2008 668 2024 ‘
687 2007 720 2038 Si

21 2060 77 2092 fur
93 2060 274 2100 displiceat
298 2060 410 2097 Verri,
432 2058 601 2089 homicida
622 2058 721 2090 Milo-

23 2112 86 2143 ui:'
111 2116 145 2142 et
170 2111 291 2151 Satyra
315 2119 369 2141 111.
393 2112 400 2127 ‘
420 2110 486 2140 Hic
507 2110 639 2149 Andro,
666 2110 722 2140 ille

21 2162 144 2201 Samo;
167 2162 220 2192 hic
235 2161 401 2191 Trallibus
426 2164 483 2191 aut
509 2159 722 2191 Alabandis.’

22 2213 94 2244 Sat.
110 2221 178 2244 xn.
199 2212 208 2228 ⁴
227 2211 326 2242 dorso
354 2209 443 2241 ferre
470 2210 623 2241 solebant
640 2210 722 2241 Par-

24 2266 90 2295 tem
107 2263 249 2303 aliquam
268 2262 360 2300 belli,
378 2267 412 2292 et
435 2267 573 2292 euntem
591 2261 623 2291 in
641 2271 724 2301 prae-

24 2314 68 2344 lia
92 2312 258 2344 turmam!
301 2313 371 2343 Sat.
402 2321 483 2343 xm.
513 2312 723 2352 ‘Egregium

26 2369 244 2404 sanctumque
258 2364 364 2394 virum
380 2363 405 2393 si
420 2372 535 2401 cerno,
547 2361 726 2393 bimembri

29 2413 105 2445 Hoc
119 2419 302 2444 monstrum
329 2423 448 2454 puero,
462 2416 496 2443 et
511 2412 647 2443 miranti
663 2412 725 2444 sub

30 2467 140 2494 aratro
148 2464 302 2494 Piscibus
313 2464 471 2502 inventis,
487 2468 521 2494 et
534 2462 626 2494 foetae
638 2474 727 2494 com-

31 2523 112 2554 paro
141 2514 271 2545 mulaez'
294 2515 340 2544 sic
368 2520 402 2544 et
428 2514 474 2544 ibi
493 2514 618 2544 vetusti
635 2514 727 2545 codi-

32 2573 110 2602 ces;
135 2568 172 2593 ut
195 2569 230 2594 et
254 2565 325 2595 Sat.
343 2573 418 2595 xlv.
437 2564 611 2595 meliores:
636 2566 645 2581 ‘
665 2574 728 2595 nec

33 2618 69 2645 tu
99 2614 194 2654 pueri
234 2615 480 2655 contempseris
519 2625 632 2654 annos,
660 2615 728 2646 Sed

34 2667 218 2704 peccaturo
247 2663 359 2694 obstet
384 2665 445 2695 tibi
470 2664 557 2695 filius
585 2665 727 2696 infansz'

36 2723 116 2754 uon,
144 2712 286 2752 obsistat,
316 2713 404 2754 quod
434 2719 486 2746 est
514 2714 548 2745 iu
574 2715 732 2756 vulgatis.

1350 140 1462 183 1543

760 252 827 280 Sat.
843 258 900 280 xv.
930 257 1061 288 quoque
1085 246 1298 277 scribendum
1317 246 1465 292 videtur,

758 301 767 317 ‘
786 300 861 330 Illi(¹
879 300 1076 335 coeruleum,
1094 297 1145 327 hic
1163 296 1288 336 piscem
1305 295 1465 340 fluminis,

760 349 827 380 illic
851 348 991 389 Oppida
1021 353 1091 377 tota
1108 357 1224 377 caucin
1244 352 1463 387 venerantur,

759 401 850 430 nulla
877 399 1019 430 Dianam
1038 397 1058 428 ι’
1086 407 1149 428 nou
1175 397 1342 432 coeruleos,·
1367 397 1463 427 intel-

760 451 835 489 ligit
873 455 985 480 autem
1024 449 1187 479 marinum
1221 448 1359 487 piscem.
1417 447 1462 478 D.

762 501 874 531 Heius.

804 551 970 591 Animata]
997 550 1181 590 Inspirata.
1218 549 1337 579 Cultus
1375 548 1463 579 euim

763 602 933 639 Numinis,
949 602 1060 632 anima
1076 601 1194 631 salutis
1210 600 1242 630 in
1264 599 1464 639 Republica.

763 653 874 683 Etiam
888 651 1012 682 fiducia
1028 651 1060 680 in
1079 652 1169 681 Deos
1183 650 1243 680 hoc
1261 650 1364 680 verbo
1380 649 1465 679 indi·

763 707 870 734 catur.
895 702 1009 733 Barth.

808 754 951 784 Fulmina
967 752 1083 791 vibrat]
1108 752 1175 782 Hic
1205 752 1298 782 locus
1322 749 1400 780 mihi
1429 757 1465 779 se

764 803 888 833 obtulit
924 803 1148 840 commodum,
1190 802 1339 841 explicat
1376 800 1466 830 enim

762 855 865 885 Statii
882 860 1044 891 mentem,
1061 853 1166 884 Theb.
1181 861 1261 882 vin.
1285 852 1382 882 ‘Nec
1399 850 1466 881 fra-

763 913 824 941 gor
841 903 1001 933 Ausoniae
1020 908 1135 933 tantus
1153 912 1226 933 cum
1244 902 1383 941 Jupiter
1399 911 1468 932 om·

763 953 797 982 ni
817 952 905 982 Arce,
923 952 1042 983 tonat.'
1068 953 1189 981 Clarer.

807 1006 869 1033 169
894 1003 996 1041 Orgia
1023 1002 1138 1041 secum]
1186 1002 1286 1039 Orgia
1324 1001 1468 1032 Bacchus

764 1053 907 1083 Luceus.
931 1052 1074 1092 Gyrald.
1092 1052 1188 1091 prim.
1205 1051 1317 1081 Varie.
1334 1056 1368 1081 et
1386 1051 1466 1080 Far-

763 1103 946 1140 nesianus;
994 1102 1112 1142 probe.
1159 1110 1210 1131 vr.
1241 1102 1340 1131 Cons.
1375 1100 1466 1130 Hon.

762 1153 996 1184 ‘dubitassent
1021 1151 1115 1191 orgia
1143 1151 1268 1181 Bacchi
1294 1150 1356 1182 Cui
1374 1148 1466 1181 fure-

763 1203 860 1235 rent!
884 1204 997 1235 Oxon.
1030 1203 1130 1242 Orgia
1156 1212 1265 1238 sacer;
1293 1205 1468 1241 corrupte.

765 1254 907 1292 Statius,
934 1253 1059 1285 Achill.
1083 1256 1112 1284 l.
1135 1252 1266 1283 ‘Lucus
1295 1251 1468 1291 Agenorei

765 1305 916 1335 sublimis
932 1305 973 1335 ad
989 1304 1084 1344 orgia
1099 1303 1226 1334 Bacchi
1244 1301 1388 1333 Stabat?
1412 1301 1467 1332 Li·

767 1354 828 1384 bro
856 1363 895 1385 11.
933 1354 1047 1394 ‘quid‚
1075 1354 1101 1383 si
1133 1353 1289 1383 Bacchea
1316 1350 1467 1382 ferentes

769 1404 890 1444 Orgia,
917 1403 1085 1434 Palladias
1113 1408 1171 1433 aut
1194 1403 1320 1432 circum
1346 1401 1469 1432 videris

769 1466 842 1487 aras
855 1456 876 1486 ?’
922 1455 1038 1496 Atque
1056 1455 1102 1485 ita
1128 1455 1161 1484 in
1192 1453 1373 1484 Thebaide
1402 1463 1468 1484 non

768 1507 885 1537 semel.
930 1506 1054 1546 virgil.
1070 1505 1196 1544 Georg.
1216 1513 1264 1535 ιν.
1289 1505 1297 1520 ‘
1314 1504 1407 1534 luter
1419 1513 1470 1533 sa-

769 1565 826 1587 cra
841 1557 967 1593 Deum,
977 1555 1202 1594 nocturnique
1216 1554 1311 1594 orgia
1321 1552 1473 1584 Bacchi.'

769 1606 876 1644 Naso,
886 1605 1031 1636 Metam.
1043 1613 1094 1634 Χι.
1107 1604 1165 1634 ubi
1177 1603 1218 1634 de
1232 1604 1368 1634 Baccho
1381 1603 1471 1643 agit:

768 1656 846 1687 ‘cui
862 1656 1023 1687 Thracius
1050 1655 1210 1695 Orpheus
1235 1654 1342 1693 Orgia
1369 1654 1472 1684 tradi·

768 1705 888 1737 derat?
946 1706 1018 1736 Pro
1044 1706 1126 1735 velat
1155 1704 1255 1744 paulo
1283 1709 1362 1734 ante
1387 1713 1472 1734 unus

768 1756 981 1788 Med.vell‹1t.
1026 1756 1117 1786 Puto
1133 1756 1240 1785 vallat.
1266 1755 1312 1786 D.
1331 1755 1452 1786 Heins-

812 1810 872 1839 171
900 1807 972 1838 Huc
984 1807 1163 1846 depulsurus
1175 1805 1308 1845 morbos]
1326 1805 1472 1836 Codices

770 1857 896 1889 vetusti
922 1867 1044 1895 magna
1074 1867 1115 1887 ex
1150 1861 1246 1896 parte
1272 1855 1473 1893 defensurum

773 1908 910 1949 optime.
957 1907 1095 1938 Deinde
1119 1917 1181 1946 pro
1199 1906 1391 1946 Epidaurius
1405 1906 1474 1936 hos-

769 1969 822 2000 pfs
841 1959 938 1999 prim.
963 1959 1076 1988 Vatic.
1089 1963 1124 1988 et
1141 1957 1289 1997 quinque
1307 1956 1363 1986 alii
1379 1957 1474 1988 ultro.

771 2010 948 2048 Defendere
979 2018 1038 2048 pro
1071 2017 1200 2045 arcere,
1231 2006 1398 2046 quomodo
1438 2008 1474 2036 et

772 2059 863 2100 apud
886 2059 1027 2090 Graecos
1050 2056 1176 2097 ἀρήγειν
1197 2062 1233 2087 et
1253 2056 1355 2096 ἀρκεῖν
1370 2055 1475 2086 ambi-

772 2120 838 2151 gua
862 2108 1122 2149 significatione,
1148 2107 1206 2138 lib.
1234 2116 1272 2137 11.
1300 2107 1342 2137 de
1370 2107 1475 2146 Rapt.

772 2161 842 2192 ‘sic
859 2169 911 2190 me
938 2158 1132 2190 crudelibus
1161 2157 1290 2187 umbris
1317 2156 1477 2195 Tradere,

772 2211 820 2242 sic
848 2215 922 2242 toto
946 2209 1076 2251 placuit
1101 2207 1287 2239 defendere
1317 2206 1444 2237 mundo
1457 2205 1478 2236 ξ’

776 2260 942 2303 quomodo
958 2264 1058 2290 vetus
1075 2258 1204 2290 codex:
1230 2258 1261 2287 in
1285 2257 1477 2297 Eutrop.li-

773 2312 835 2343 bro
851 2321 876 2342 1.
901 2310 1079 2349 ‘contagia
1102 2308 1251 2340 fascibus
1277 2318 1334 2338 oro
1351 2306 1480 2338 Defen-

775 2362 968 2402 dasignava
992 2359 1080 2391 tuis!
1128 2368 1175 2389 ιν.
1192 2358 1329 2389 Consul.
1349 2357 1478 2388 Honor.

776 2414 785 2430 ‘
800 2411 981 2443 defensura
1007 2410 1154 2440 calorem
1173 2408 1286 2438 Aurea
1303 2407 1479 2438 submove-

776 2467 836 2494 ant
852 2461 987 2502 rapidos
1005 2459 1201 2490 umbracula
1228 2456 1338 2489 soles?
1384 2457 1480 2488 Bello

776 2513 871 2545 Gild.
902 2513 1124 2543 ‘Extremam
1155 2508 1301 2540 defende
1334 2505 1481 2538 famem?

777 2564 928 2605 Epithal.
961 2562 1141 2594 Celerinae:
1167 2559 1392 2591 ‘Det'endunt
1423 2557 1480 2587 alii

777 2615 854 2646 luco
869 2612 1096 2653 Dryadasque
1110 2620 1270 2651 procaces
1286 2610 1305 2640 :⁷
1330 2609 1378 2638 ita
1391 2607 1481 2637 enim

779 2665 971 2705 legendum.
1020 2662 1077 2693 Sic
1105 2661 1195 2701 apud
1225 2659 1369 2690 Statium
1400 2657 1482 2686 l’ro-

782 2715 931 2756 treptico
944 2712 1106 2753 Crispini,
1119 2713 1127 2728 ‘
1137 2710 1325 2742 Defensare
1336 2711 1445 2739 metus
1459 2705 1479 2737 2’
