1763 3116
662 162 926 193 EPISTOLAE.

71 269 146 292 cras
174 265 209 292 et
236 259 403 301 profanas.
447 255 696 288 Crudelitatem
724 256 770 287 Α-

72 311 181 342 driani
198 310 296 349 hujus
314 308 464 338 indicant
481 312 664 346 sequentes
682 307 769 337 Poe·

74 367 119 393 tae
149 362 252 392 illata:
284 369 415 399 poenae:
441 360 449 375 ‘
466 358 587 388 Gratia
614 357 769 397 defluxit,

73 411 227 451 sequitu·-
239 408 352 439 feralis
370 412 513 446 egestas,
531 408 698 438 Desolata
713 407 769 438 do-

70 470 154 499 mim,
169 459 255 491 caris
270 458 453 498 spoliamur
467 457 585 488 amicis
599 457 618 489 :’
643 464 676 488 et
693 457 768 488 finis

71 510 243 551 Epistolae.

109 558 243 589 Lubrica
254 557 346 598 oetas]
368 557 536 590 Juvenilis
550 558 690 599 ntiqne;
715 569 769 589 va-

66 614 102 640 te
120 614 233 639 nostro
261 609 409 639 nondum
433 609 627 647 stilichoni,
653 610 769 640 Hono-

64 659 128 697 rio,
145 659 293 696 Serenae,
308 664 487 699 tantopere
519 659 769 690 commendato.

67 709 193 740 Errant
211 719 290 748 ergo
307 709 365 750 qni
381 709 414 739 in
429 713 552 740 senecta
567 713 660 741 oetate
676 719 770 750 eges-

68 764 141 790 tate
160 770 313 800 pressum
341 760 565 792 Claudianum
581 761 660 792 hinc
680 761 772 792 colli·

66 819 147 850 gere
167 811 310 841 voluisse
329 810 497 842 videntur.
522 811 640 842 Barth.

110 863 128 890 7
155 860 210 891 Me
226 861 320 890 timor
343 861 516 900 impulerit]
554 862 669 892 Tumor
693 865 771 892 octo

66 912 211 951 scripti3
250 911 398 950 optime;
433 920 510 941 nam
543 916 653 941 tumor
680 910 770 941 idem

64 961 154 1004 quod
172 961 242 990 ira:
262 966 445 1002 utrumqne
460 962 635 1001 conjunxit
653 961 711 992 lib.
728 971 769 992 11.

65 1011 99 1042 in
127 1009 306 1042 Rufinum:
340 1011 410 1041 ‘Et
438 1012 591 1051 quamvis
619 1021 770 1050 praesens

66 1065 176 1091 tumor
187 1066 222 1091 et
239 1060 351 1091 civilia
368 1070 476 1101 nuper
493 1061 654 1098 Classica,
669 1061 771 1092 bella-

64 1111 201 1152 trixque
217 1112 319 1142 etiam
335 1120 423 1142 nunc
436 1112 485 1142 ira
501 1111 655 1142 caleret!
678 1110 772 1142 Infra

66 1160 109 1192 de
130 1161 313 1201 Hystrice:
350 1161 359 1177 ‘
377 1161 516 1192 additur
544 1161 645 1192 armis
669 1161 772 1192 Calli-

65 1211 165 1252 ditas,
195 1221 384 1253 parcusque
415 1212 465 1242 sui
505 1215 616 1242 tumor
650 1211 770 1252 iraque

66 1271 237 1303 nunquam
266 1262 416 1302 Prodiga
444 1261 588 1293 telorum
601 1261 621 1292 :'
662 1262 773 1292 sicle-

69 1313 227 1353 gendum.
251 1313 374 1352 Virgil.
389 1321 470 1344 vul.
494 1314 503 1329 ‘
519 1318 631 1343 tumor
653 1313 772 1353 iraque

68 1365 168 1405 longe
195 1364 403 1395 Concessere
435 1364 546 1394 Deum
566 1362 586 1393 :’
624 1373 697 1404 qnae
726 1363 773 1393 ibi

67 1425 148 1446 vera
165 1415 281 1446 lectio.
328 1414 513 1454 Capitolin.
530 1415 562 1444 in
580 1414 773 1452 Pertinace,

65 1464 74 1481 ‘
88 1464 147 1495 sed
166 1474 242 1494 cum
266 1464 409 1494 Tausius
426 1463 562 1504 qnidam
589 1464 622 1493 in
640 1463 724 1494 iram
738 1468 773 1493 et

67 1519 233 1546 tumorem
251 1514 378 1544 milites
395 1512 614 1543 adduxisset!
643 1513 774 1543 Seneca

66 1565 236 1605 Thyeste:
263 1565 272 1580 ‘
286 1563 439 1594 Ponatur
465 1563 572 1594 omnis
600 1563 660 1603 ira,
678 1568 714 1594 et
731 1573 773 1593 ex

69 1616 179 1647 animo
195 1619 307 1645 tumor
333 1615 458 1644 Erasus
481 1613 617 1644 abeat?
640 1614 718 1644 hinc
739 1620 774 1644 et

67 1666 187 1697 tumida
217 1666 266 1695 ira
297 1664 423 1695 Nasoni
451 1664 539 1695 libro
564 1673 647 1694 vul.
688 1665 773 1696 Met.

68 1716 220 1748 ‘tumida
237 1715 398 1746 frendens
425 1714 615 1745 Mavortius
634 1714 705 1754 ira‚'
732 1715 774 1745 de

70 1769 257 1807 Meleagro.
289 1767 334 1797 Et
365 1765 454 1806 apud
472 1766 672 1796 Maronem:
698 1765 707 1781 ‘
726 1769 777 1796 tu-

69 1817 161 1849 mida
190 1827 231 1848 ex
265 1817 315 1847 ira
346 1820 427 1846 tnnc
468 1815 570 1846 corda
600 1813 776 1847 residunt)

69 1870 78 1886 ‘
93 1869 220 1900 Tumet
245 1868 374 1899 animus
391 1867 452 1897 ira’
478 1866 512 1896 in
543 1866 681 1897 Senecae
697 1867 777 1898 Tra·

70 1920 192 1960 goediis
207 1929 273 1950 non
297 1919 412 1950 semel.
458 1918 526 1949 Pro
543 1919 638 1949 ardor
653 1917 775 1950 Patav.

70 1980 167 2001 error.
191 1971 237 2002 D.
256 1969 375 2000 Heius.

116 2021 221 2051 Timor
236 2019 411 2060 impulerit]
447 2019 502 2050 Ne
534 2022 570 2049 et
597 2028 673 2050 mea
699 2028 776 2051 cum

71 2071 208 2102 caeteris
224 2074 438 2110 raperentur.

116 2121 237 2152 Decius
253 2122 352 2160 egerit
369 2119 478 2160 ardor]
506 2119 710 2151 Iracundam
728 2119 777 2151 di-

72 2173 122 2203 cit
147 2172 392 2212 arrogantiam.
435 2170 492 2201 Ira
521 2170 704 2202 temeraria
726 2180 777 2201 ar-

72 2222 171 2254 doris.
195 2222 312 2253 Barth.

115 2276 135 2304 8
163 2273 203 2304 Te
218 2276 320 2303 tamen
335 2272 417 2303 haud
441 2271 561 2312 decuit]
585 2271 636 2302 Ex
667 2271 778 2302 Eunu-

74 2324 137 2354 cho
173 2323 398 2354 Terentiana:
422 2323 431 2338 ‘
446 2332 511 2353 non
552 2327 587 2352 te
625 2321 779 2361 dignum,

76 2375 231 2411 (lhaerea,
261 2373 410 2412 Fecisti;
433 2383 512 2404 nam
538 2372 565 2403 si
586 2382 649 2413 ego
676 2372 780 2412 digna

75 2424 138 2454 hac
152 2423 367 2460 contumelia,
393 2424 473 2454 Sum
498 2423 666 2462 maxime3
691 2427 727 2454 at
743 2428 780 2453 tu

75 2472 245 2512 indignus,
261 2473 317 2513 qui
333 2472 467 2503 faceres
484 2472 622 2504 tamen.'

125 2524 316 2553 Concurrere
332 2523 417 2563 telis]
449 2524 622 2564 Majorem
645 2532 780 2565 nempe.

77 2573 197 2605 Barth.

122 2627 142 2654 9
167 2623 323 2653 Humanoe
364 2621 512 2662 Superos]
549 2623 782 2662 Imperturba-

75 2674 179 2705 bilem
197 2672 355 2711 animum,
370 2672 650 2713 clementiamque
660 2673 784 2706 suadet

1415 154 1526 198 1685

820 257 872 287 cia
892 255 1084 287 mortalium
1106 253 1270 286 irrideant
1286 255 1410 297 potius,
1425 267 1525 299 quam

821 310 859 336 ut
874 306 913 336 iis
932 306 1176 345 percellantur.
1201 304 1301 335 Idem.

865 359 904 386 10
927 356 1075 386 Securum
1091 355 1213 394 coelum]
1238 355 1347 393 Licet,
1360 355 1421 395 ait,
1437 359 1526 389 oeci-

821 410 903 436 nant
919 407 1049 446 superis
1064 407 1226 436 mortales
1245 406 1389 445 pessima
1400 406 1503 437 verba
1517 418 1526 446 ;

821 457 885 497 ipsi
907 461 1016 487 tamen
1035 457 1157 495 securi,
1173 456 1263 497 quod
1284 456 1402 487 volunt
1419 456 1526 488 faces-

821 514 910 541 sunt,
924 516 1035 548 neque
1049 513 1168 538 curant
1181 507 1382 537 miserorum
1395 506 1528 538 iracun-

822 557 921 589 diam.
947 558 1045 588 Idem.

866 611 904 637 ll
933 609 1071 638 Concede
1084 607 1224 647 jacenti]
1250 607 1423 638 Summum
1437 608 1530 640 enim

823 669 932 699 poenae
961 669 1080 699 genus,
1098 660 1189 700 qnod
1218 660 1299 690 alibi
1327 660 1387 696 ait,
1404 659 1529 692 vidisse

823 714 1036 750 precantem.
1067 710 1251 748 Corecedere,
1264 710 1452 750 ignoscere.
1474 711 1529 742 Id.

868 762 907 789 12
932 760 982 789 Eu
999 760 1121 800 adsum]
1157 761 1300 792 Oblatio
1330 761 1380 791 sui
1405 765 1457 792 est
1486 770 1530 792 ex

824 810 988 841 Marone:
1018 812 1026 827 ‘
1040 811 1112 849 Mo,
1129 821 1195 851 ine,
1223 812 1341 843 adsum
1359 812 1417 853 qui
1439 810 1533 852 feci,'

822 861 886 891 Sec.
914 861 1012 893 Idem.

871 911 911 940 Et
928 910 1064 950 veniam]
1089 911 1344 952 Raphelengius
1362 918 1395 943 et
1409 912 1533 953 scripti

822 960 939 991 delent
960 960 998 991 τὸ
1027 965 1058 991 et
1089 967 1217 1002 praeter
1236 963 1334 1002 prim.
1371 963 1533 997 Vatican.

823 1010 1002 1040 Palatinus
1018 1013 1127 1041 adsum
1143 1021 1180 1042 en
1191 1023 1201 1043 .·
1223 1013 1288 1051 leg.
1303 1013 1411 1043 adsum
1428 1022 1478 1053 en,
1493 1023 1532 1044 en

822 1059 954 1098 veniam,
966 1061 1017 1098 ὅτ.
1041 1060 1083 1091 D.
1098 1060 1218 1091 Heius.

868 1111 907 1139 13
934 1109 1098 1150 Manibus]
1118 1110 1269 1141 Heroum
1283 1111 1442 1151 exempla
1455 1121 1533 1152 pro·

824 1158 933 1199 ponit,
950 1168 1027 1190 mox
1052 1161 1208 1191 Deorum
1235 1161 1444 1194 subditurus,
1486 1161 1534 1193 A·

824 1210 958 1241 chillem
975 1213 1162 1252 quamlibet
1176 1213 1362 1244 iracnndiae
1381 1214 1533 1254 pertina-

824 1272 910 1301 cem,
925 1263 1095 1302 ignovisse
1113 1269 1226 1295 tamen
1237 1265 1370 1304 jacenti
1386 1266 1488 1297 hosti.

866 1313 973 1343 Atrox
985 1313 1138 1352 Achilles]
1176 1313 1268 1344 Ante
1297 1315 1534 1349 inexorabilis.

825 1362 1006 1393 Horatius:
1041 1364 1049 1379 ‘
1067 1362 1158 1393 forte
1185 1364 1322 1403 reponis
1351 1363 1535 1407 Achillem,

826 1411 992 1452 Impiger,
1018 1412 1215 1453 iracundus,
1239 1413 1469 1456 inexorabilis,
1500 1425 1534 1447 a.

825 1463 905 1493 cer!
927 1464 1044 1495 Barth.

870 1515 909 1544 14
937 1513 1084 1544 Victrices
1120 1514 1249 1554 Furias]
1293 1515 1367 1546 Imo
1397 1516 1536 1549 Ultrices

825 1572 901 1593 cum
927 1562 1019 1594 Aldo
1060 1568 1096 1594 et
1125 1564 1287 1605 scriptis:
1328 1566 1376 1597 sic
1410 1565 1534 1598 ‘Dirae

825 1613 976 1644 ultrices’
1004 1613 1095 1654 apud
1114 1614 1293 1655 Virgilium
1317 1621 1352 1647 et
1373 1616 1533 1648 Statium.

826 1663 871 1695 D.
884 1663 997 1695 Heius.

885 1715 1024 1746 Ultrices
1055 1714 1172 1746 Furias
1201 1715 1326 1756 matris]
1377 1715 1535 1748 Matrici-

827 1764 878 1795 dis
915 1765 1144 1797 imminentes.
1203 1765 1392 1797 Interfecta
1424 1770 1533 1797 matre

827 1816 966 1848 sceleris
996 1816 1239 1848 conscientiam
1266 1817 1358 1847 ferre
1384 1826 1451 1847 non
1475 1826 1534 1857 po-

828 1869 918 1900 tuit:
955 1877 1046 1909 saepe
1078 1867 1252 1899 confessus
1292 1867 1462 1908 exagitari
1500 1876 1536 1898 se

827 1924 984 1950 materna
1000 1918 1129 1960 specie,
1139 1918 1339 1950 verberibus
1356 1917 1534 1949 Furiarum

829 1980 868 2002 ac
885 1969 983 2001 taedis
1001 1969 1210 2000 ardentibus.

874 2021 1015 2061 Orestes]
1038 2021 1163 2052 Matris
1186 2021 1308 2052 occisae
1334 2019 1444 2051 Furiis
1468 2019 1536 2052 Cli-

828 2077 1026 2104 temnestrae
1056 2081 1117 2112 per
1134 2079 1249 2101 omnes
1274 2079 1394 2101 scenas
1422 2069 1537 2111 exagi-

830 2128 931 2155 tatus.
955 2122 1071 2153 Barth.

873 2170 911 2197 15
937 2165 1091 2196 Reddidit
1105 2164 1234 2195 Alcides
1256 2162 1401 2203 Priamo]
1435 2162 1538 2193 Prior

829 2216 920 2247 enim
945 2216 1202 2256 Agamemnone
1218 2218 1255 2246 et
1272 2214 1433 2245 Menelao
1450 2213 1538 2245 Her-

829 2268 922 2299 cules
938 2268 1031 2308 cepit
1045 2267 1193 2307 Trojam.
1223 2267 1320 2298 Idem.

873 2322 915 2350 16
938 2319 1087 2350 Pelloeum
1098 2317 1254 2358 juvenem]
1276 2316 1466 2349 Alexandri
1479 2316 1539 2347 hu-

830 2370 1027 2401 manitatem
1041 2368 1168 2401 laudat.
1192 2369 1291 2400 Idem.

875 2424 915 2452 17
948 2420 1099 2461 Darium]
1131 2421 1187 2451 De
1217 2418 1400 2460 sepulchro
1430 2415 1539 2457 regali
1575 2447 1579 2448 ⁷

833 2473 946 2511 Darii,
961 2472 1002 2503 ab
1026 2472 1125 2503 hoste
1143 2469 1237 2509 dato,
1258 2469 1423 2501 Arrianus
1440 2469 1464 2499 l.
1481 2475 1540 2499 111.

832 2524 931 2555 Idem.

874 2574 1013 2606 Darium
1017 2572 1152 2612 famulis
1162 2569 1317 2610 manibus]
1341 2570 1386 2601 Et
1400 2567 1540 2600 Darium

834 2624 975 2666 Gyrald.
987 2625 1129 2656 Lucens.
1147 2628 1182 2654 et
1197 2632 1281 2653 unus
1296 2621 1418 2652 Petav.
1463 2617 1536 2647 Cae-

833 2680 945 2707 terum
961 2674 1090 2706 frustra
1114 2671 1370 2713 Raphelengius
1393 2677 1435 2699 ex
1457 2675 1539 2697 con·

80 2724 207 2756 homini
233 2724 392 2765 exemplo
415 2724 583 2765 Deorum,
599 2724 656 2766 qui
671 2725 784 2757 convi·
828 2726 970 2767 Jectura
993 2724 1059 2757 viri
1087 2723 1225 2756 maximi
1251 2719 1387 2762 reponit
1406 2716 1537 2756 firmali.
