1763 3116
365 166 413 195 ΙΝ
451 166 480 194 1.

16 260 104 291 thius
118 259 354 299 deprehendit.
378 259 423 288 D.
439 256 548 286 Heius.

61 313 123 341 251
151 310 199 339 Ne
213 309 333 339 Pictum
349 304 525 343 tremerem]
539 304 591 333 De
606 302 713 332 Pictis

17 360 108 390 alibi.
154 360 300 389 Saxones
318 365 396 387 vero
423 356 513 384 circa
529 353 614 383 hanc
631 358 713 382 tem-

20 412 187 449 pestatem
205 406 413 437 Britanniam
438 405 470 433 in
489 413 580 433 suain
601 407 713 442 potes-

22 464 127 489 tatem
170 455 385 495 redegerant.
442 454 524 484 Tiro
565 453 715 491 Prosper

19 507 194 540 Chronico.
218 506 333 537 Barth.

60 560 121 588 255
147 556 262 587 Dubiis
278 559 436 586 venturum
451 555 578 585 Saxona
601 551 716 591 verilis]

16 608 115 639 Tanti
146 607 273 637 Piratae
298 607 459 644 Saxones,
483 611 520 636 ut
550 605 719 636 Britanni-

16 669 93 691 cum
110 659 284 688 Oceanum
303 657 447 696 pellibus
461 655 609 686 consutis
626 655 718 685 navi-

18 718 98 749 gare
113 708 226 738 ludum
245 707 419 737 haherent.
445 707 540 737 Idem.

63 761 124 789 257
153 759 263 787 salitio
280 757 345 796 die]
364 757 474 787 Multo
491 756 582 786 Sole.
599 755 693 785 Idem.

63 812 122 839 261
154 809 269 838 Nomen
298 806 457 846 ignorare]
493 807 573 836 Tam
603 814 723 835 secura

21 859 64 890 ab
81 860 186 896 hoste,
215 864 310 887 utne
341 866 458 887 nomen
488 856 622 896 quidem
647 854 721 894 ejus

22 909 157 939 auribus
185 913 273 937 esset
303 916 416 945 grave.
475 906 586 944 Supra
616 905 673 934 lil).
697 913 722 934 1.

21 958 193 987 ‘ricinum
225 956 312 996 quod
347 955 456 986 nescit
484 955 596 985 Iberia
627 954 723 984 Mau·

22 1006 116 1038 rnm.'
139 1007 236 1036 laem.

65 1060 128 1088 202
153 1057 230 1086 Post
255 1056 318 1085 laec
337 1055 486 1086 OEnotria
503 1055 610 1093 lentis]
648 1054 723 1083 I'vst

24 1109 80 1139 has
98 1107 268 1145 Lucensis,
284 1107 380 1147 prim.
392 1106 506 1136 Vatic.
518 1110 552 1135 et
565 1110 642 1135 octo
657 1103 724 1134 alii.

23 1159 165 1190 Rectius
194 1159 292 1188 lentas
310 1157 412 1187 etiam
435 1157 521 1186 alter
539 1155 679 1193 Mureti,
692 1159 727 1184 et

25 1208 147 1240 tertius
164 1207 361 1238 Vaticanus.
386 1207 430 1237 D.
451 1206 562 1236 Heius.

70 1262 131 1290 204
158 1258 303 1296 Carales]
342 1258 488 1288 Curulem
516 1257 613 1296 prim.
635 1255 728 1285 Vati-

28 1319 130 1340 canus
147 1314 181 1340 et
198 1309 402 1339 Oiselianus.
427 1308 526 1337 Idem.

75 1363 136 1390 265
161 1359 298 1397 Anger-i]
323 1358 505 1388 Honorari.
530 1356 645 1386 Barth.

74 1410 148 1440 Sota
165 1410 277 1446 jurare
298 1409 391 1439 Fama
404 1406 520 1447 potest]
547 1407 595 1436 Re
613 1406 645 1435 in
664 1405 731 1435 Ita-

30 1459 74 1490 lia
90 1464 269 1499 praesente.
300 1458 393 1488 Idem.

73 1514 136 1541 266
162 1510 276 1539 Incitat
293 1508 401 1546 ardor]
427 1507 541 1537 Incite?
558 1505 635 1535 libri
653 1515 732 1545 qua-

33 1566 118 1592 tuor.
143 1561 184 1591 D.
203 1559 315 1590 Heius.

74 1613 137 1641 268
162 1611 245 1640 Αιιιιὶ
259 1610 443 1649 pandentem
456 1607 605 1646 claustra]
629 1606 733 1636 Exor-

31 1661 180 1692 dientem
204 1661 440 1697 Consulatum,
479 1668 586 1698 eoque
611 1666 733 1686 novum

33 1721 166 1742 annum.
190 1710 424 1741 Ceremoniam
443 1708 587 1748 aliquam
599 1705 735 1737 affuisse

32 1763 215 1800 indicatur,
240 1771 306 1802 qua
322 1760 482 1801 temporis
508 1759 585 1790 novi
611 1758 738 1797 ingres-

34 1814 84 1845 sio
103 1817 362 1853 proponeretur.
411 1811 597 1850 Prosequar,
619 1808 661 1838 ad
679 1807 737 1838 (le-

34 1863 231 1894 dnctionem
248 1862 412 1902 pertinet,
430 1861 472 1891 ab
490 1859 620 1898 amicis,
636 1859 738 1890 clien-

36 1914 140 1952 tibus,
158 1912 368 1944 necessariis.
392 1911 510 1942 Barth.

78 1969 142 1998 269
159 1965 304 2005 Romam]
323 1965 458 1995 Divinis
469 1962 652 1994 honoribus
662 1961 739 1991 hine

38 2017 194 2057 inde-per
211 2016 410 2047 Provincias
427 2015 563 2045 cultam.
588 2014 685 2044 Idem.

82 2070 142 2097 271
186 2067 298 2106 Raptis
334 2066 384 2095 sed
421 2063 576 2105 protinus]
622 2063 738 2092 Romae

39 2116 170 2156 effigies
187 2117 218 2146 in
235 2115 458 2146 monumentis
476 2114 597 2155 priscis
611 2116 742 2143 armata

40 2177 174 2207 semper
191 2167 321 2197 visitur.
348 2166 443 2195 Idem.

83 2221 146 2249 272
172 2218 236 2247 Per
247 2216 351 2246 nubila
362 2214 477 2254 sidere]
498 2216 506 2231 ‘
521 2212 620 2246 Quod
637 2212 663 2242 si
678 2220 743 2241 nou

41 2267 178 2306 cecidit,
190 2267 296 2307 potuit
310 2265 475 2296 cecidisse
489 2262 618 2293 videri?
633 2262 746 2292 Tanta

43 2319 130 2350 enini
144 2317 321 2348 celeritate
335 2317 396 2346 hoc
414 2314 487 2344 fieri
502 2314 608 2351 aiunt,
621 2316 656 2342 ut
671 2321 746 2342 ocu-

44 2369 148 2399 lorum
166 2368 255 2397 acies
273 2372 506 2406 praetereatur.
536 2364 632 2393 Idem.

88 2420 150 2448 274
166 2417 389 2455 Jumsulgurat
402 2414 522 2453 umbra]
540 2412 747 2451 Subfulgurat

48 2467 134 2498 alter
160 2468 286 2497 Mureti
315 2472 349 2497 et
377 2476 459 2496 nnus
486 2465 644 2495 Ambros.
673 2472 747 2493 cum

51 2517 157 2547 Delrii
173 2518 299 2547 codice.
326 2517 368 2547 D.
388 2517 499 2546 IIeins.

92 2569 153 2596 275
180 2568 242 2596 Nec
261 2568 387 2597 Pallade
404 2568 503 2606 cultu]
533 2566 657 2596 Vultum
682 2565 749 2602 Ge-

54 2616 154 2646 vartii
181 2624 345 2656 excerpta
369 2623 404 2647 et
431 2627 528 2657 prim.
546 2617 656 2646 Vatic.
681 2615 751 2645 dic-

54 2671 125 2696 tum
141 2675 252 2705 supra.
274 2666 436 2706 Sequenti
453 2676 550 2696 versu
566 2665 637 2696 orbe
653 2674 753 2695 corus-

54 2725 88 2745 co
105 2723 170 2745 non
188 2724 237 2744 ore
262 2723 304 2744 ex
331 2715 397 2745 suis
413 2714 508 2745 libris
534 2714 696 2746 Schottus
712 2723 752 2744 nc

515 162 650 192 CONS.
681 160 752 190 ST!
766 159 895 188 Lici-1.

932 157 1025 187 mu.
1060 158 1109 186 ιι.
1351 146 1463 188 1527

764 251 924 282 Delrius:
964 259 1025 281 nec
1058 249 1158 280 aliter
1187 248 1317 284 nostri3
1358 248 1463 278 liene:

763 299 880 330 orbem
918 300 1032 339 clypei
1069 297 1253 336 intelligit;
1291 297 1464 335 vulgatum

763 349 888 380 frustra
921 355 1036 380 tuetur
1062 347 1238 379 Barthius.
1290 346 1373 376 Mox
1407 356 1466 384 pro

764 403 897 439 tangunt
916 400 1041 440 primus
1059 399 1152 430 Med.
1179 403 1214 428 et
1231 396 1379 427 Palatin.
1406 399 1467 425 ter-

761 453 862 488 gunt:
888 449 964 479 vide
982 453 1052 479 not.
1070 446 1166 488 praef.
1184 446 1243 477 lib.
1262 455 1283 476 1.
1305 443 1468 485 inRutin.

767 500 800 529 M
808 509 850 530 ox
868 499 1090 529 Transi-chiem-
1106 498 1240 529 Tlmscus
1256 505 1322 526 non
1341 494 1472 525 Thuscos

768 550 947 580 Barthins:
974 559 1166 590 perperam.
1191 548 1289 578 Idem.

813 600 934 630 Tetrica
962 599 1104 639 Pallade]
1140 600 1224 631 Qua:
1256 596 1387 627 vultum
1418 595 1474 624 ha-

770 650 848 680 beat
867 651 899 680 in
917 650 1112 689 virginitate
1128 648 1325 679 masculum.
1358 645 1473 675 Barth.

812 703 876 731 276
901 702 964 731 Ore
976 699 1114 739 corusco]
1137 700 1258 730 Totum
1274 698 1401 727 vultum
1418 696 1474 725 ha-

771 751 948 790 bitumque
965 760 983 780 a
1001 750 1119 781 l’o‘etis
1145 760 1177 780 vs
1203 747 1391 787 nuncupari
1418 756 1475 776 no-

773 805 880 830 tamus
897 799 987 830 alibi.
1013 800 1108 829 Idem.

815 853 877 880 277
906 849 1239 888 'I'anguntlaqucariaj
1274 846 1477 886 Conjectare

774 900 851 930 hine
878 900 961 929 licet
986 904 1112 939 quanta
1139 897 1320 929 altitudine
1348 895 1477 926 fuerint

776 950 929 980 Romana
944 949 1131 978 Procerum
1152 946 1295 977 Palatia.
1323 947 1421 976 Idem.

816 1002 879 1029 278
902 997 1097 1036 ΑίΙυιιὶΙιιηι]
1137 998 1191 1027 De
1222 997 1394 1035 insperato
1425 994 1480 1025 ad-

775 1053 878 1079 ventu
895 1047 1061 1078 carissimi
1078 1046 1233 1075 numinis.
1260 1046 1358 1075 Idem.

819 1100 881 1128 280
909 1094 1234 1135 Quidp1=0suit1m⁷2iJ
1270 1094 1363 1124 Malo
1383 1093 1483 1126 ιιιυιὶε.

779 1150 824 1179 D.
841 1148 954 1180 Heius.

820 1202 880 1231 281
921 1198 1072 1229 Servilem
1108 1197 1229 1237 notam]
1275 1194 1482 1234 Eutropium

781 1250 979 1280 Eunuchum
1009 1248 1189 1279 Consulem
1215 1246 1364 1277 consiliis
1391 1244 1484 1275 Stili-

780 1302 897 1332 chonis
914 1311 1069 1331 eversum
1088 1300 1194 1330 videri
1211 1299 1294 1330 vult.
1318 1297 1435 1328 Barth.

823 1354 886 1381 282
911 1351 1011 1380 Tanta
1026 1359 1114 1389 quem
1130 1349 1219 1388 mole]
1249 1349 1361 1379 Tanto
1386 1355 1485 1377 cona-

784 1405 833 1438 tu,
851 1400 954 1430 tantis
973 1399 1145 1429 machinis.
1171 1398 1269 1428 Idem.

830 1450 929 1479 Tanta
945 1458 1033 1487 quem
1047 1448 1122 1477 mole
1137 1447 1249 1486 tueris]
1284 1448 1429 1476 Lucens.
1454 1450 1489 1476 et

785 1498 926 1537 Gyrald.
953 1501 1038 1527 tota:
1070 1506 1135 1526 non
1164 1498 1287 1536 placet.
1326 1496 1415 1526 Vide
1433 1496 1490 1526 lib.

786 1558 825 1579 ιι.
843 1549 875 1577 ἰιι
895 1549 1036 1585 Eutrop.
1052 1557 1101 1576 vs.
1122 1549 1193 1575 100.
1220 1547 1262 1576 D.
1285 1546 1392 1576 Heius.

828 1600 891 1628 254
918 1598 1069 1630 Qudnam
1092 1606 1198 1625 caussa
1223 1595 1331 1634 murce]
1358 1594 1494 1625 Modes-

788 1649 868 1679 tiam
887 1656 949 1685 ego
965 1646 1125 1684 arbitror,
1153 1645 1285 1675 Zosimo
1304 1655 1369 1675 non
1388 1645 1493 1675 semel

789 1697 985 1734 laudatam3
1010 1706 1076 1737 qua
1102 1705 1212 1736 neque
1238 1696 1375 1725 unicum
1398 1705 1495 1725 sunni

789 1748 893 1779 filium
910 1748 999 1778 ultra
1013 1746 1239 1777 Tribunoruiu
1262 1746 1496 1783 Notariorum,

791 1810 809 1830 e
827 1798 951 1840 quibus
979 1802 1015 1828 et
1039 1796 1248 1828 Claudianus
1271 1795 1348 1836 fuit,
1372 1804 1497 1826 nomen

791 1854 949 1880 evectum
968 1848 1086 1879 voluit.
1112 1847 1227 1878 Barth.

837 1900 978 1934 Quonam
993 1897 1174 1929 cunctabere
1189 1896 1311 1936 rursus]
1347 1896 1415 1927 Alii
1438 1905 1497 1936 quo

784 1951 863 1990 jam.
909 1949 1018 1980 Aldus
1047 1955 1083 1979 et
1099 1948 1271 1978 sexdecim
1298 1947 1404 1977 nostri
1420 1956 1496 1977 cum

794 2001 942 2041 quinque
959 1999 1136 2030 Vaticanis
1156 1998 1303 2029 melioris
1321 2001 1423 2035 uotae,
1440 2006 1498 2036 quo

794 2062 864 2087 71183
888 2061 992 2081 vere:
1017 2050 1157 2080 cunctari
1183 2050 1314 2089 ‹iliqewm
1342 2057 1402 2088 pro
1430 2057 1499 2077 mo-

795 2102 873 2132 rari.
903 2102 1015 2141 Nupt.
1042 2100 1172 2130 Honor.
1196 2100 1366 2139 ‘quonam
1393 2106 1501 2137 usquc

796 2154 966 2184 verendus
984 2154 1174 2184 Cunctatur
1192 2160 1268 2181 mea
1285 2154 1360 2180 vota
1377 2157 1472 2179 socer
1481 2148 1501 2178 ?’

799 2205 874 2235 Lib.
892 2213 949 2235 111.
967 2204 1008 2234 de
1033 2204 1137 2242 Rapt.
1163 2203 1254 2231 ‘nou
1281 2209 1334 2230 me
1362 2197 1505 2238 Riphaea

799 2254 966 2286 tenebunt
994 2253 1144 2291 Frigora,
1169 2260 1235 2281 non
1263 2249 1368 2280 dubio
1394 2247 1504 2288 Syrtis

798 2304 1020 2336 cunctabitur
1049 2301 1158 2334 testu!
1219 2300 1363 2339 Statius,
1391 2297 1504 2329 Theb.

800 2365 855 2387 111.
880 2357 888 2372 ‘
908 2364 1045 2394 magnos
1063 2356 1272 2390 cunctamur,
1289 2350 1394 2388 Nata,
1411 2356 1506 2389 para-

801 2405 876 2436 tus.'
923 2405 996 2436 Lib.
1017 2413 1062 2435 Vl.
1087 2405 1096 2419 ‘
1115 2401 1199 2432 furit
1217 2401 1364 2441 undique
1381 2400 1507 2430 clamor

801 2457 978 2490 Dissonus.
1008 2453 1271 2492 ambiguumque
1295 2450 1386 2481 senis
1408 2457 1507 2480 cunc·
1543 2478 1546 2479 ⁷

806 2512 898 2537 tatur
924 2505 1066 2536 Adi-am
1096 2501 1304 2533 Consilium?
1350 2500 1424 2530 Lib.
1443 2506 1508 2530 vu.

803 2560 810 2574 ‘
832 2557 946 2597 Atque
964 2566 1002 2585 ea
1027 2559 1229 2584 cunctantes
1252 2552 1342 2591 'l'yrii
1367 2550 1510 2589 primor-

804 2609 859 2639 dia
878 2607 957 2638 belli
978 2606 1115 2646 ,Jupiter
1133 2603 1219 2634 haud
1237 2612 1334 2642 aequo
1358 2597 1509 2638 respexit

804 2659 907 2690 corde
935 2654 1119 2696 Pelasgos:
1172 2653 1245 2684 Lib.
1262 2660 1313 2682 xi.
1348 2650 1356 2665 ‘
1376 2648 1424 2678 Ut.
1449 2647 1508 2678 du-

805 2710 896 2740 bium
921 2712 956 2739 et
983 2715 1114 2747 pugnas
1143 2706 1360 2734 cunctantem
1386 2698 1511 2731 Etheo.
