1763 3116
334 145 398 175 DE
431 143 593 175 RAP'I'U
627 141 947 172 PROSERPINAE
983 142 1076 171 MB.
1108 143 1180 173 111.

40 241 127 270 tere.
152 238 265 269 Barth.

84 293 146 321 292
170 290 315 320 Prohibet
339 288 509 320 reverentia
533 286 648 326 patris]
676 285 732 316 Al-

40 341 101 371 dus
119 346 152 372 et
170 341 288 379 Isingr.
303 339 452 370 sententia
469 347 480 371 ,·
506 336 672 377 quomodo
698 340 732 366 et

39 400 81 421 ex
97 401 155 422 suo
172 391 251 431 legit
268 389 425 426 Delrins3
445 397 508 418 nec
524 387 623 417 aliter
637 387 731 427 qnin-

40 451 105 482 que
130 441 260 472 nostri:
292 438 441 475 frustra3
475 447 577 477 snpra
604 438 660 468 lib.
689 446 730 467 11.

37 493 250 524 ‘reverentia
274 491 381 530 patris
409 490 558 520 Obstitit
584 488 729 519 auxilio.'

36 543 173 583 Jupiter
187 541 274 581 apud
298 541 442 571 Statium
466 540 568 570 Theb.
584 549 607 570 1.
631 541 638 555 ‘
657 549 731 569 nos-

36 592 79 622 tri
112 592 302 622 reverentia
331 590 488 631 ponderis
513 589 648 621 obstat.’
687 589 730 620 D.

35 641 148 672 Heius.

77 695 138 722 293
165 693 280 732 Matri]
317 693 492 723 Maternos
509 691 641 722 dolores
658 690 731 730 ejus

36 743 214 773 miseratae.
239 743 355 772 Barth.

77 796 140 823 296
165 792 329 831 Intumuit]
370 791 548 822 Iracundia
561 798 616 822 aut
634 791 733 822 vehe-

35 844 161 874 mentia
176 843 252 873 alia.
279 843 371 872 Idem.

76 896 137 923 29⁷
162 893 299 931 Supplex
313 892 484 931 dejectaque
500 890 624 930 restris]
651 891 732 920 Vul-

35 952 77 981 go
89 943 318 981 miserandaque
329 952 339 977 ;
355 942 441 981 qnod
458 951 532 971 cnm
544 942 656 971 misera
666 950 731 970 uno

33 993 216 1034 eodemque
230 1002 328 1023 versu
346 992 424 1022 ferri
442 1002 506 1022 non
520 997 642 1032 potest.
656 993 731 1022 (Ila-

32 1043 116 1075 verii
129 1047 163 1074 et
176 1042 334 1082 Isingrini
350 1042 485 1072 codices
502 1046 637 1072 secutus
647 1051 730 1072 snm.

33 1093 159 1124 Noster
186 1092 243 1123 lib.
270 1101 295 1122 1.
328 1093 361 1122 in
390 1091 498 1122 Rufiu.
532 1091 732 1131 ‘dejecerat

32 1153 146 1175 omnes
193 1143 347 1175 Occultis
387 1142 472 1173 odiis
508 1142 641 1173 terror.’
688 1143 730 1174 D.

35 1195 145 1225 Heius.

74 1248 134 1275 301
161 1244 199 1275 Εἰ
224 1243 311 1283 nota]
347 1243 414 1274 Alii
439 1243 479 1274 sit
504 1246 618 1283 γαμέω·
641 1241 731 1273 forte

31 1296 72 1326 sit
98 1299 191 1325 nota:
214 1295 324 1325 malim
356 1294 470 1332 etiam,
493 1294 518 1323 si
547 1303 607 1333 per
630 1303 731 1323 mem-

34 1346 153 1376 branas
171 1346 284 1384 liceat,
300 1355 507 1385 quamcunque
520 1345 638 1374 daturoe
656 1344 731 1373 1³01·-

32 1399 150 1434 tunam,
170 1397 197 1426 si
213 1399 297 1433 nota,
312 1394 438 1433 feram,·
457 1395 520 1432 vel,
537 1395 732 1432 quodcunque

31 1446 160 1476 dedisth
177 1446 345 1476 Fortunoe:
368 1453 444 1473 nam
466 1444 612 1474 Fortunoe
629 1447 681 1472 est
698 1442 732 1472 in

32 1495 180 1527 secundo
192 1495 380 1526 Vaticano:
414 1496 616 1532 quantamque
639 1491 731 1532 quiu-

31 1551 83 1577 tus
109 1546 298 1587 pra-astantis
314 1549 401 1575 notae
426 1544 460 1574 iu
477 1543 596 1574 eadem
613 1542 732 1572 biblio-

35 1595 144 1626 theca.
173 1596 268 1626 Idem.

72 1647 134 1676 303
153 1645 224 1675 Non
235 1647 390 1684 repetam:
415 1653 520 1673 secura
537 1641 642 1680 mauu]
660 1641 733 1671 Dis-

32 1696 195 1728 tinctione
230 1696 343 1726 locum
372 1695 535 1735 juvimus,
567 1694 622 1735 qui
653 1694 732 1724 Bar-

33 1747 137 1777 thinm
155 1746 254 1777 valde
272 1746 436 1777 exercuit.
464 1747 560 1776 Idem.

75 1798 147 1828 Non
170 1800 306 1837 repetam
329 1797 458 1837 quoesita
482 1795 589 1836 manu]
614 1795 732 1825 Incon-

33 1847 129 1878 cinna
144 1847 214 1877 haec
241 1851 329 1877 sunt.
373 1847 407 1877 Si
424 1847 472 1877 sic
489 1847 555 1886 leg.
598 1846 668 1876 Non
685 1855 731 1875 re-

27 1900 142 1937 petam,
171 1897 243 1937 quin
259 1897 325 1927 visa
341 1901 463 1928 manet:
487 1906 593 1927 manus
617 1900 732 1936 potest

32 1948 224 1978 violentiam
261 1947 448 1987 designare.
494 1947 559 1978 Sed
597 1947 731 1978 omnino

34 1998 126 2028 ulcus
137 1998 263 2028 subest.
287 1998 399 2028 Barth.

74 2050 136 2078 304
160 2048 289 2088 Affirmo
299 2047 451 2087 proedam]
475 2049 656 2079 Consentio
670 2047 732 2086 illi,

31 2102 149 2129 teneat
161 2097 268 2128 instar
286 2098 424 2137 proedae,
439 2108 505 2129 non
519 2098 639 2128 reddat
655 2108 732 2129 meo

27 2148 111 2188 juri,
125 2157 222 2188 quam
242 2153 335 2178 tenet
350 2153 384 2178 ut
401 2158 471 2179 suo.
509 2148 734 2191 Adfirmatores

30 2197 239 2229 Tertulliano
256 2197 374 2228 eadem
400 2198 445 2236 vi,
469 2198 522 2237 qni
540 2198 732 2228 testimonio

32 2256 92 2277 suo
105 2247 278 2287 negotium
295 2252 404 2278 ratum
419 2247 559 2286 habent,
578 2253 615 2279 et
630 2248 731 2279 certi-

33 2297 148 2328 fleant.
174 2297 268 2328 Idem.

74 2347 218 2388 Affirmo]
256 2347 403 2388 Ulpiano
432 2350 613 2390 Affirmator
635 2349 730 2389 quasi

31 2396 207 2436 fidejussor
222 2402 286 2435 est,
309 2407 384 2428 cum
409 2398 565 2430 idoneum
584 2405 730 2430 tutorem

33 2447 139 2478 dixit:
171 2447 223 2478 hic
246 2458 325 2478 vero
353 2449 457 2479 Ceres
475 2449 630 2480 adfirmat
647 2460 731 2489 prae-

34 2498 123 2535 dam,
146 2496 194 2527 ita
215 2502 251 2527 ut
279 2497 434 2528 idoneum
460 2505 632 2539 raptorem
649 2510 733 2539 prae-

34 2552 114 2578 stet.
173 2546 316 2577 Ovidius
337 2559 344 2578 :
380 2551 388 2565 ‘
417 2548 556 2589 decepit
593 2549 732 2580 idoneus

37 2596 180 2628 auctor.’
208 2598 330 2628 Cloe-er.

78 2650 139 2679 305
166 2647 255 2681 Quod
283 2647 311 2677 si
334 2648 401 2687 nos]
433 2647 511 2677 Non
542 2658 606 2686 tos,
629 2649 734 2688 probe

34 2707 117 2730 unus
136 2696 323 2730 Mediceus.
367 2697 500 2729 Deinde
524 2697 642 2736 soedere
670 2708 733 2740 pro

1369 135 1480 177 1673

782 244 904 264 munere
917 234 1066 273 potiores
1078 233 1194 272 scripti
1209 244 1215 262 :
1234 237 1267 263 et
1284 234 1346 264 lioc
1364 237 1480 274 probe.

783 284 827 313 1).
848 284 960 315 Heius.

826 337 886 364 307
913 334 997 369 Quid
1012 333 1133 373 horror]
1147 332 1202 363 Sic
1217 337 1361 373 quatuor
1376 335 1481 374 scrip-

784 386 807 416 ti
827 396 833 415 :
859 385 913 415 alii
931 385 1081 425 plerique
1108 384 1174 423 quis
1195 384 1323 413 horror:
1347 383 1480 423 vulgati

781 435 939 474 timorque.
984 433 1139 464 <valerius
1180 433 1265 463 Cato
1297 432 1329 462 in
1362 432 1480 462 Diris:

781 486 788 500 ‘
805 486 910 523 Luna,
934 485 1027 515 ‹lolor
1045 483 1132 514 nosti
1153 482 1234 524 quid
1251 483 1305 522 sit,
1320 481 1481 513 miserere

783 536 952 567 dolentis?
984 536 1081 565 Idem.

825 589 887 616 309
914 586 1007 615 Crine
1022 584 1146 622 fruaris
1162 583 1287 623 Semper
1308 582 1482 623 Apollineo]

784 637 954 676 Perpetua
967 636 1129 675 juventus
1154 634 1317 674 Apollinis
1334 634 1396 664 hoc
1413 644 1482 664 rno-

783 687 824 717 do
842 687 1038 726 depingitur
1052 697 1060 722 3
1074 686 1120 714 sie
1132 685 1218 715 enim
1234 683 1359 723 gaudet
1373 683 1482 714 inton-

784 747 818 767 sa
837 738 891 767 ille
906 747 1011 767 coma.
1036 736 1152 766 Barth.

826 790 885 817 311
927 787 1092 826 Imbribus]

784 838 880 870 Idem.

826 891 888 918 312
915 888 997 923 Quid
1018 890 1138 917 tantum
1158 884 1382 925 dignumfleri]
1407 884 1481 915 Ma-

782 938 837 968 lim
865 939 938 978 quid
963 940 1104 968 tandem.-
1127 937 1185 967 sed
1210 946 1285 967 cnm
1308 936 1483 967 Claverius

783 992 930 1019 testetur
946 988 979 1018 in
995 988 1123 1027 optimo
1139 987 1255 1017 codice
1270 996 1335 1016 non
1348 996 1483 1026 compa-

782 1038 900 1076 ruisse,
913 1048 974 1078 per
990 1048 1042 1068 me
1062 1038 1144 1067 licet
1157 1046 1217 1076 pro
1235 1036 1348 1076 spurio
1360 1036 1483 1066 habea-

783 1092 838 1118 tur
854 1088 908 1118 hic
923 1097 1047 1118 versus.
1093 1087 1175 1117 Mox
1191 1096 1261 1116 uum
1283 1085 1359 1115 bella
1378 1086 1483 1125 palam

783 1147 844 1177 pro
861 1147 920 1167 non
938 1137 1036 1176 prim.
1054 1136 1167 1166 Vatic.
1194 1135 1239 1166 D.
1256 1135 1366 1165 Heius.

825 1191 886 1219 313
914 1189 1014 1229 Vana]
1038 1188 1324 1228 Decepta,e1usa.
1344 1187 1461 1218 Barth.

825 1242 886 1270 314
911 1240 1004 1269 Bella
1019 1239 1168 1278 coelestia]
1203 1238 1319 1268 Totius
1348 1238 1423 1269 coeli
1449 1238 1482 1268 iu

783 1293 817 1319 te
834 1289 1131 1328 conspirationem.
1156 1289 1253 1318 Idem.

826 1341 888 1369 316
913 1337 1024 1377 Diem]
1063 1340 1274 1378 Quacnnqne
1298 1338 1354 1369 Sol
1378 1338 1484 1369 lucet.

784 1389 888 1419 Amor
916 1398 995 1418 vero
1032 1393 1203 1418 maternus
1234 1388 1336 1418 etiam
1373 1388 1483 1429 ipsum

784 1439 912 1469 Orcum
927 1444 1095 1478 penetrat.
1120 1438 1216 1470 Idem.

825 1492 886 1519 322
913 1488 1135 1528 Cum—cabitur]
1175 1489 1199 1518 Α
1233 1488 1339 1520 nobis.
1378 1488 1484 1520 Nulla

783 1539 880 1569 nobis
907 1539 1080 1568 cunctatio
1103 1539 1180 1577 erit,
1196 1540 1299 1570 etiam
1316 1539 1482 1579 objectam

781 1588 907 1628 Syrtim
923 1587 1126 1619 videntibus.
1150 1588 1247 1619 Idem.

824 1641 886 1669 323
912 1638 1007 1682 Fines
1025 1637 1106 1677 nott]
1141 1638 1286 1669 Omnem
1316 1643 1483 1669 terrarum

781 1688 896 1719 orbem
907 1697 1103 1728 peragrasse
1114 1688 1328 1719 inveniundae
1347 1688 1485 1719 Proser-

783 1739 868 1778 pinae
886 1738 1027 1769 fabulati
1047 1743 1124 1768 sunt
1141 1739 1312 1769 Cererem.
1341 1738 1439 1769 Idem.

825 1792 887 1821 324
910 1789 1035 1829 Primo]
1060 1790 1238 1829 Supremo.
1265 1790 1361 1820 Idem.

825 1843 885 1871 327
913 1840 1096 1880 Exstincta]
1122 1840 1382 1880 Imprudenter3
1406 1850 1483 1882 quae

782 1891 980 1922 immortalis
1008 1891 1051 1922 sit
1068 1891 1156 1928 Dea,
1174 1896 1208 1921 et
1223 1892 1272 1920 δῖα
1288 1889 1392 1921 θεάων.
1416 1891 1483 1921 sed

782 1942 902 1972 Poetis
919 1942 1079 1980 exstingui
1108 1950 1271 1971 summum
1297 1950 1487 1981 moerorem,

783 1993 884 2023 etiam
901 1993 986 2023 citra
1003 1997 1158 2030 mortem,
1174 1991 1328 2021 denotat.
1353 1992 1451 2021 Idem.

825 2044 886 2073 331
917 2041 1103 2080 Noctivago]
1156 2042 1230 2071 Nec
1262 2046 1364 2072 noctu
1394 2041 1484 2072 enim

781 2091 1003 2123 famosissima
1032 2092 1098 2122 ista
1122 2091 1276 2132 quaesitio
1294 2092 1485 2132 interrupta

783 2148 845 2174 est.
874 2144 970 2174 Idem.

826 2194 1063 2234 Inflammatnra
1107 2193 1220 2233 labori]
1273 2193 1487 2231 Informatura

783 2244 982 2283 Isingrinns‚
996 2249 1029 2274 et
1042 2248 1174 2283 septem
1188 2244 1292 2274 nostri
1306 2255 1313 2281 3
1339 2253 1404 2274 non
1419 2243 1486 2274 dis-

783 2296 909 2335 plicet:
947 2300 984 2325 ut
1011 2294 1100 2334 apud
1129 2294 1247 2334 virgil.
1270 2295 1358 2325 ‘His
1385 2294 1488 2326 infor-

782 2350 907 2375 matum
926 2345 1076 2375 manibus
1087 2345 1156 2385 jam
1174 2350 1270 2385 parte
1288 2345 1394 2384 polita
1410 2346 1486 2376 Ful-

782 2406 858 2427 men
884 2396 980 2427 erat!
1025 2397 1070 2427 Et
1095 2406 1190 2427 mox:
1213 2397 1416 2437 ‘Ingentem
1441 2398 1487 2428 in-

782 2446 930 2478 formant
955 2447 1134 2488 clypeum!
1181 2447 1387 2478 Prudentius
1404 2449 1486 2488 Psy-

783 2498 953 2528 choxnacli.
978 2499 986 2515 ‘
1002 2497 1104 2528 AErea
1130 2498 1188 2528 sed
1206 2498 1308 2528 cassis
1325 2502 1421 2528 cocto
1438 2498 1486 2528 in-

783 2546 929 2578 formata
947 2548 1083 2579 metallo
1098 2547 1119 2578 z'
1158 2548 1206 2578 sic
1232 2548 1432 2578 veterrimus
1448 2547 1486 2577 li-

784 2598 857 2636 ber,
885 2597 950 2628 nisi
979 2597 1066 2639 quod
1106 2598 1316 2637 transpositis
1346 2597 1483 2627 vocibus

783 2652 865 2678 cocto
894 2649 988 2679 cassis
1017 2648 1218 2678 exhiberet:
1252 2649 1350 2687 plura
1377 2647 1429 2676 lib.
1457 2654 1482 2676 r.

783 2707 872 2730 vers.
899 2701 975 2731 237.
1001 2698 1168 2736 diximus;
1193 2697 1247 2729 hic
1278 2702 1390 2728 tamen
1416 2695 1483 2728 loci

1154 784 1317 816 Lacrimis
1357 784 1482 815 densis.
