1763 3116
628 148 886 179 ElDYLLlA.

36 246 172 283 colitur,
187 246 367 286 opitulans.
393 243 506 275 Barth.

77 298 117 327 72
142 295 225 326 Orbe
238 294 330 334 calet]
352 294 444 324 Latet
467 289 608 330 Gyrald.
631 289 730 329 prim.

34 346 149 377 Vatic.
167 352 200 376 et
216 355 273 376 sex
290 344 356 374 alii.
381 343 423 373 D.
442 340 554 371 Heius.

77 398 118 426 74
140 396 350 433 Accensa-sque
361 391 455 432 fluit]
476 389 632 420 Sedecim
657 388 731 420 ruit.

33 444 142 476 Idem.

77 498 117 526 75
141 494 215 524 Sive
227 489 484 533 paresflammas]
511 488 640 528 Scripti
658 498 733 528 sep-

35 546 102 575 tem
130 552 257 583 parens.-
295 542 370 581 lege
395 540 465 581 pari
492 549 568 571 cum
599 538 731 570 duobus

32 593 270 625 Ambrosianis.
294 592 389 622 Idem.

75 643 173 673 Pares
202 641 363 682 flammas]
401 640 591 672 Concordia
621 639 733 680 dispa-

31 694 117 725 rium
132 694 398 724 Elementorum.
424 692 539 722 Barth.

75 747 118 775 79
143 743 324 774 Remitteris
338 742 423 781 ortu]
447 741 555 772 Aldus
567 745 602 771 ct
613 740 731 780 scripti

32 795 129 826 multi
165 795 326 825 emitteris.
383 792 515 823 Buslid.
553 791 732 830 emergitis;

33 849 127 885 puto,
142 845 309 875 emerseris.
354 843 438 872 Mox
456 851 515 881 pro
531 850 653 871 currere
670 841 733 870 Lu-

32 903 123 925 cens.
143 894 272 924 currito.
324 894 388 923 Pro
401 892 474 929 erit,
488 891 574 921 malo
587 894 665 929 erat,
678 890 731 919 vel

31 944 122 975 inest.
185 942 320 973 Deinde
350 941 432 971 ausit
464 945 498 970 et
526 944 617 978 neget
645 940 733 970 malo

33 1003 129 1035 quam
145 995 238 1024 audet
254 997 289 1023 et
303 995 407 1030 negat.
432 991 478 1021 D.
496 990 616 1020 Heius.

73 1047 114 1075 80
140 1042 289 1082 Consilio]
312 1043 417 1072 Certa
431 1041 574 1072 numinis
586 1049 642 1070 seu
657 1049 733 1080 pro·

34 1094 193 1126 videntiae
210 1092 416 1124 auctoritate
442 1095 477 1121 et
501 1099 591 1121 cura.
636 1089 732 1129 Sapi-

33 1148 127 1176 enter
143 1144 207 1175 ista
229 1148 416 1183 contraque
443 1141 674 1172 temeritatem
697 1144 733 1170 et

33 1194 124 1234 vulgi
155 1198 190 1224 et
226 1194 408 1224 multorum
439 1191 732 1231 Philosophorum.

35 1244 149 1275 Barth.

75 1296 115 1324 84
142 1293 229 1323 Inter
253 1293 354 1332 prima
377 1291 440 1331 poli
464 1293 494 1320 te
517 1299 631 1329 quoque
646 1298 735 1319 sacra

32 1344 134 1383 dedit]
166 1343 298 1373 Vitiosa
314 1342 491 1380 scriptura,
516 1349 613 1380 qnam
632 1347 734 1378 pepe-

34 1398 151 1424 rerunt
166 1396 252 1424 astra
274 1391 373 1422 modo
399 1391 585 1427 nominata,
612 1394 646 1420 et
671 1388 733 1419 tel-

31 1444 114 1474 luris
131 1452 273 1483 sequens
291 1440 427 1472 mentio.
452 1441 558 1470 Recte
576 1439 653 1469 libri
670 1438 734 1468 Cn-

27 1493 162 1534 jaciani,
178 1497 306 1530 noster,
325 1490 501 1529 Belgicus:
530 1490 618 1519 Inter
629 1488 733 1528 prima

33 1544 89 1574 coli
104 1547 134 1574 te
149 1552 262 1583 quoque
281 1551 370 1573 sacra
385 1540 479 1571 dedit.
525 1539 641 1569 Prima
657 1538 734 1577 coli,

36 1595 141 1634 primo
159 1594 252 1624 cultu
268 1592 379 1632 digna.
425 1590 522 1621 Sacri
546 1598 660 1619 omnes
678 1598 734 1619 au-

36 1648 102 1674 tem
120 1643 243 1673 fontes.
270 1642 368 1672 Idem.

79 1693 148 1723 Pali
174 1695 204 1722 te
231 1701 347 1731 quoque
377 1700 466 1720 sacra
493 1688 596 1728 dedit]
635 1689 735 1719 Sacra

36 1743 104 1774 colit
121 1752 179 1773 sex
193 1741 282 1773 libri.
320 1742 423 1772 Forte
439 1741 496 1772 coli
512 1744 542 1771 te
557 1749 671 1780 quoque
686 1749 735 1769 sa-

35 1803 86 1825 cra
114 1793 219 1829 «zedim
256 1795 359 1833 atquc
387 1792 436 1823 ita
461 1791 551 1822 curis
577 1789 734 1821 secundis

1373 141 1486 183 1713

784 239 954 270 Barthins.
978 240 1021 270 D.
1041 240 1151 271 Heins.

829 291 870 319 86
897 289 1012 320 Telluri
1025 289 1172 330 medicas]
1197 289 1348 320 Tellurem
1361 292 1485 323 rectius

786 339 995 372 Hafniensis.
1020 341 1117 371 Idem.

828 394 869 421 90
895 391 957 422 Fas
978 392 1089 431 quibus
1112 396 1157 423 est
1178 392 1337 432 Αροηωη]
1361 391 1489 432 Aponon

786 440 894 472 Aldus
910 446 946 473 et
962 442 1083 482 scripti
1099 444 1266 484 plerique.
1290 444 1388 474 Idem.

829 494 868 521 91
911 493 1066 532 Cori-apta
1095 503 1150 524 aec
1177 494 1287 524 Austri
1328 493 1487 532 Flamina]

787 540 887 571 Unde
904 542 1120 580 pestilentiam
1145 544 1262 574 Barth.

830 594 871 621 92
897 591 1052 630 Flamina,
1081 603 1134 624 nec
1160 593 1254 633 scm-o]
1289 594 1381 625 Lam-0
1408 603 1489 635 qua-

789 641 973 672 tuordecim
990 642 1079 673 libri.
1105 645 1147 674 D.
1162 644 1273 675 Heins.

829 695 870 722 94
899 693 973 723 Inde
999 693 1060 722 sibi
1079 693 1170 733 fata]
1205 694 1282 724 Fati
1308 694 1488 733 legendnm

786 741 861 782 quis
878 751 944 772 non
963 742 1078 773 videt?
1101 748 1204 784 atque
1231 744 1278 774 ita
1302 744 1489 775 Patavinus

787 790 917 821 codex:
943 792 991 822 sic
1013 792 1023 808 ⁶
1041 802 1202 832 prospera
1220 792 1294 824 fati'
1313 793 1401 824 bello
1418 793 1491 825 Gil-

787 840 866 871 don.
883 851 970 871 vers.
991 843 1062 872 103.
1080 842 1137 872 ubi
1156 844 1263 883 plura.
1301 844 1489 875 Vaticanus

789 893 902 920 tamen
915 891 1004 921 undoe
1012 891 1086 930 fata
1100 892 1171 924 sibi.
1196 894 1338 924 Lucens.
1355 894 1492 931 indefa-

788 942 820 969 ta
836 939 916 976 sibi;
941 944 979 970 ut
1004 941 1183 980 legendum
1211 941 1300 973 forte
1317 943 1374 982 sit,
1400 944 1492 974 undis

788 988 867 1018 sibi:
891 994 961 1028 opt.
975 988 1135 1021 Ambros.
1148 992 1219 1022 inde
1231 992 1389 1029 sibifato:
1405 992 1492 1030 salis

788 1037 960 1068 Bartliius.
985 1039 1082 1070 Idem.

830 1090 872 1118 96
900 1087 1026 1120 Viscera
1042 1088 1122 1126 selle
1141 1089 1265 1130 rubent]
1294 1090 1404 1121 Virent
1418 1101 1493 1132 sep·

788 1141 857 1168 tem
886 1137 982 1177 libi-13
1022 1138 1125 1180 idque
1155 1144 1262 1171 recte.
1311 1140 1413 1172 Ovid.
1430 1140 1492 1173 lib.

788 1197 829 1219 11.
860 1189 948 1220 Met.
987 1188 1118 1219 ‘livent
1153 1189 1308 1230 rubigine
1347 1190 1490 1228 dentes;

788 1238 937 1269 Pectora
951 1237 1030 1269 felle
1046 1239 1177 1270 virent.'
1221 1240 1268 1270 Et
1283 1240 1393 1271 lib.11.
1413 1240 1491 1272 Art.

787 1287 902 1318 Amat.
915 1298 956 1319 ex
969 1289 1078 1319 veteri
1092 1289 1198 1319 libro:
1224 1292 1232 1306 ‘
1245 1290 1331 1321 Qnae
1344 1290 1493 1329 patimur

787 1339 893 1369 multo
911 1338 1043 1377 spicula
1059 1337 1141 1368 felle
1158 1339 1293 1369 virent.’
1322 1339 1420 1370 Idem.

830 1392 870 1419 97
911 1390 982 1419 Non
1023 1399 1113 1419 renas
1151 1391 1304 1431 reserant]
1341 1391 1491 1422 Resecant

788 1438 883 1468 multi
899 1448 939 1468 ex
956 1439 1104 1478 scriptis.
1131 1439 1228 1470 Idem.

831 1491 873 1518 98
900 1488 997 1518 Tristi
1020 1489 1178 1529 gramine]
1211 1489 1358 1521 Austero
1390 1500 1491 1522 succo

788 1538 979 1569 herbarum.
1003 1538 1120 1568 Barth.

833 1591 874 1618 99
897 1587 1051 1618 Amissum
1064 1587 1211 1628 lymphis]
1231 1589 1382 1630 Nymphis
1394 1591 1493 1631 prim.

790 1642 824 1669 et
843 1642 922 1668 tert.
940 1637 1052 1668 Vatic.
1081 1638 1125 1668 D.
1143 1638 1255 1670 Heius.

834 1688 977 1728 Impune]
1023 1687 1102 1719 Sine
1134 1689 1312 1721 tormentis
1344 1691 1497 1722 Medico-

790 1747 873 1770 rum.
897 1738 1013 1770 Barth.

734 2015 787 2057 L.

37 2165 82 2206 7.>
103 2161 170 2203 De
197 2160 285 2202 Piis
308 2159 536 2211 Fratribus,
558 2167 747 2201 eteorum
766 2159 922 2200 Slaluis
936 2174 1021 2215 qum
1037 2166 1127 2201 sunt
1146 2158 1258 2213 apud
1278 2156 1487 2200 Catinam.

79 2300 265 2333 Invnucn
281 2299 344 2330 hoc
361 2298 393 2329 in
411 2297 554 2329 Lucensi
567 2298 684 2329 codice
701 2301 737 2329 et

38 2351 210 2390 excerptis
229 2349 413 2380 Puteaneis
440 2348 658 2379 inscribitur:
686 2350 736 2380 De

34 2401 97 2442 piis
105 2399 263 2438 fratribus
286 2403 314 2429 et
332 2409 433 2429 eorum
454 2399 567 2429 statuis
583 2409 650 2438 qucz’
665 2402 736 2429 sunt

36 2451 117 2491 apud
132 2450 285 2480 Catinam.
325 2450 364 2479 In
378 2449 486 2489 primo
500 2449 667 2479 Vaticano
678 2449 736 2480 de-

39 2500 251 2531 siderabatur
281 2504 387 2529 totum
429 2499 461 2528 id
502 2509 637 2530 carmen
654 2511 661 2529 ι
702 2500 734 2529 in

39 2550 185 2581 Clavcrii
216 2548 319 2578 libro:
361 2549 408 2578 De
435 2548 550 2580 Siculis
565 2549 735 2587 fratribuS,

39 2599 129 2641 quod
147 2600 202 2628 illc
221 2609 261 2628 cx
279 2599 427 2628 Martiali
445 2599 563 2629 nititur
581 2600 736 2639 probare,

40 2650 97 2692 qui
122 2650 242 2681 Siculas
261 2649 382 2687 sralres
398 2660 455 2680 cos
475 2656 586 2681 vocet.
631 2651 685 2681 Sic
701 2655 736 2681 et

39 2700 158 2732 Siculos
172 2702 289 2730 dui-ene
302 2701 434 2731 Seneca
451 2700 587 2732 vocavit
603 2699 661 2731 lib.
678 2709 735 2731 111.

126 2754 244 2796 Delph.
261 2757 291 2785 et
312 2753 385 2785 Var.
400 2754 484 2786 Clas.

709 2754 819 2785 Claud.

792 2298 834 2328 de
851 2296 972 2328 Benef.
1017 2297 1075 2328 Piz'
1086 2296 1211 2334 fratres
1233 2300 1344 2327 tamen
1361 2305 1422 2336 per
1439 2304 1495 2325 ex-

791 2349 984 2380 cellentiam
1003 2348 1097 2379 dicti.
1135 2347 1234 2378 Silius
1250 2346 1307 2377 lib.
1325 2355 1401 2377 xxv.
1423 2346 1432 2363 ‘
1449 2346 1494 2377 Et

791 2400 920 2430 Catane
950 2407 1130 2439 generasse
1166 2399 1239 2439 pios
1270 2397 1494 2429 celeberrima

790 2448 937 2480 fratres!
984 2449 1120 2481 Cornel.
1144 2449 1286 2479 Severus
1312 2449 1345 2478 in
1370 2447 1492 2478 AEtna:

789 2500 991 2530 ‘Erubuere
1023 2499 1095 2539 pios
1133 2500 1277 2540 juvenes
1321 2498 1493 2537 attingere

789 2549 955 2581 flannnae.'
1015 2551 1059 2581 Et
1089 2550 1190 2590 paulo
1219 2554 1318 2579 ante:
1358 2548 1366 2564 ‘
1392 2546 1492 2577 nullis

791 2609 930 2640 parsnra
959 2600 1115 2631 incendia
1143 2604 1299 2640 pascunt,
1327 2598 1389 2628 Vel
1412 2596 1491 2627 solis

791 2660 933 2689 parsnra
958 2651 1053 2690 piis:’
1084 2650 1163 2690 quid
1190 2649 1280 2690 quod
1304 2649 1409 2684 locum,
1435 2645 1490 2675 ubi

791 2701 929 2741 sepulti,
955 2705 1044 2732 teste
1068 2700 1197 2739 Solino,
1221 2700 1350 2730 Piorum
1369 2704 1491 2735 campas

1330 2753 1347 2778 5
1373 2749 1404 2779 Q
