1859 3148
362 150 472 190 1746

362 253 438 282 bulo
455 262 530 282 cum
553 251 798 282 semibarbarus
820 249 993 281 litterator
1010 250 1057 281 in-

361 309 664 343 tvi-pretammnnm
703 301 886 341 adjecisset
925 302 1056 333 interli-

360 364 459 383 neare
481 353 642 390 nmgnitic,
670 351 703 380 id
731 350 953 381 Lactantiano
983 361 1055 382 car-

359 405 435 433 mini
455 409 571 443 postea
585 407 709 431 temere
725 399 926 430 inculcatum
942 400 1054 433 fuisse.

358 454 476 484 Potuit
498 452 598 482 etiam
626 449 775 487 magnitie
799 455 974 482 contracte
993 461 1054 492 pro

357 502 568 541 magnitudine
578 500 784 540 adscriptum
799 499 901 532 fuisse
911 501 948 531 τὸ
962 503 1052 533 Moli.

358 555 527 583 Czrterum
556 561 616 590 per
639 561 735 581 avem
761 551 846 582 hanc
872 552 1052 585 Arabicam

357 603 433 632 nihil
465 601 553 631 aliud
590 601 803 640 intelligebat
844 601 1054 643 Lactantius,

356 662 453 692 quam
464 652 784 691 struthiocamclmn,
797 653 867 683 sive
882 663 1051 693 passerem

355 703 529 733 marinum.
576 703 643 735 Qui
670 703 750 734 licet
774 703 807 734 in
838 703 967 734 Africm
999 705 1053 735 de-

354 756 451 786 sertis
488 754 780 796 frequentissimus
813 761 984 795 occurrat,
1015 761 1052 788 ut

352 810 536 844 propterca
573 805 676 835 etiam
706 805 823 845 Libyca
850 806 916 836 avis
942 807 1053 847 poetis

353 856 495 894 Latinis,
513 860 549 887 et
566 856 697 887 Cvraecis
725 856 805 896 ὄρνις
820 856 962 892 Λίβυσσα
979 868 1052 898 pas-

351 908 411 936 sim
442 907 589 945 dicatur,
612 907 779 948 quomodo
805 908 893 948 apud
923 909 1051 940 Julium

353 956 582 996 ('apitolinuln
597 957 785 987 struthioncs
799 958 926 988 [isauros
937 958 1051 996 habm,

352 1013 463 1036 tamen
481 1007 596 1036 horum
623 1012 763 1037 venatus
787 1007 874 1037 haud
899 1017 993 1038 rarus
1015 1012 1050 1038 et

351 1057 382 1085 iu
411 1055 549 1094 Arabia,
575 1056 762 1096 praesertim
788 1056 821 1086 in
845 1056 972 1087 Arabia
993 1057 1050 1088 ‹le-

349 1110 450 1145 svrta,
477 1106 688 1137 occurrebat.
735 1106 837 1137 Certe
869 1106 957 1147 apud
986 1108 1051 1138 Xe-

349 1157 568 1196 nophontem,
593 1156 679 1187 libro
704 1156 812 1196 primo
837 1157 880 1187 de
911 1158 1050 1197 expedi-

348 1206 438 1236 tione
464 1207 546 1245 Cyri
573 1207 604 1235 iu
635 1206 865 1246 descriptione
898 1207 1049 1245 Arabiae,

347 1258 489 1286 πλεῖστοι
503 1255 561 1292 μὲν
577 1256 604 1284 οἱ
620 1255 718 1294 ἄγριοι
733 1255 807 1293 ὄνοι,
829 1256 882 1286 οὐκ
898 1255 1000 1294 ὀλίγοι
1016 1255 1049 1287 δὲ

347 1305 486 1345 στρουθοὶ
513 1306 546 1334 αἱ
569 1304 715 1342 μεγάλαι.
750 1307 841 1336 Hinc
869 1307 1049 1338 Herodoto

347 1356 490 1395 στρουθὸς
506 1357 521 1385 ὁ
536 1354 686 1395 Ἀράβιος.
732 1355 929 1394 Athenaeus,
954 1357 974 1388 l.
998 1366 1048 1388 lv.

347 1407 403 1437 ubi
431 1407 500 1445 agit
529 1405 570 1436 de
600 1406 780 1436 Persarum
817 1406 981 1437 conviviis
1012 1412 1047 1438 et

346 1457 448 1486 luxu:
477 1455 590 1486 πολλοὶ
608 1454 639 1486 δὲ
655 1455 705 1486 καὶ
728 1455 845 1495 ὄρνιθες
867 1456 1047 1487 ἀναλίσκον-

347 1519 409 1547 ται,
425 1507 501 1537 οἵτε
528 1506 668 1546 στρουθοὶ
694 1507 722 1537 οἷ
749 1505 897 1546 Ἀράβιοι,
912 1506 962 1536 καὶ
988 1509 1045 1545 χῆ-

346 1569 404 1588 νες.
443 1557 567 1587 Pollux
586 1557 618 1586 in
634 1557 876 1587 Onomastico:
914 1557 1046 1596 Ἄραβες

344 1607 375 1637 δὲ
413 1607 463 1636 καὶ
497 1608 651 1646 στρουθῶν
681 1608 781 1645 δοραῖς
810 1606 877 1637 ἀντὶ
905 1606 1044 1647 Θωράκων

342 1656 394 1687 καὶ
438 1657 572 1687 ἀσπίδων
612 1655 812 1696 ἐφράττυντο.
875 1658 1042 1688 Struthio-

341 1706 462 1737 cameli
487 1707 589 1744 igitur
615 1711 683 1736 tam
701 1706 838 1737 Arabia*
866 1717 965 1747 quam
990 1708 1042 1738 Li-

342 1756 419 1796 byae
453 1766 658 1786 communes.
705 1756 746 1786 In
781 1756 877 1787 India
908 1767 1041 1798 quoquc

340 1805 512 1836 struthios
545 1806 687 1836 inveniri
728 1806 879 1837 AElianus
907 1816 957 1839 lv.
988 1811 1040 1840 37.

340 1856 504 1887 Historiae
519 1856 723 1887 Animalium
739 1862 894 1897 testatur,
910 1863 946 1889 et
962 1859 1041 1889 Phi-

339 1908 500 1938 lostratus
516 1908 558 1938 de
573 1908 642 1938 vita
656 1907 841 1948 Apollonii.
877 1909 918 1939 Iu
935 1909 1040 1941 AEthi-

341 1959 419 1998 opia
435 1968 506 1989 esse
523 1959 714 1998 complures
727 1959 850 1989 Strabo
864 1966 897 1989 et
912 1959 1040 1991 Diodo-

339 2018 395 2038 rus
410 2008 542 2039 Siculus
559 2008 750 2047 adfirmant,
766 2009 855 2039 unde
872 2010 1039 2041 Struthio-

338 2059 452 2099 phagi,
480 2069 562 2097 gens
589 2059 622 2089 in
652 2059 708 2089 illo
734 2064 900 2090 terrarum
927 2064 1038 2091 tractu

336 2108 425 2139 haud
457 2108 586 2147 ignota,
620 2118 741 2139 nomen
778 2110 843 2140 sint
882 2111 1036 2142 mutuati.

338 2158 600 2189 Garamantibus
617 2157 677 2188 dat
693 2159 906 2190 struthiones
923 2161 1037 2191 Lucia·

336 2217 410 2246 11118,
429 2208 623 2238 Herodotus
651 2208 774 2240 Macis.
819 2209 906 2240 Illud
924 2216 1035 2241 autem

336 2257 470 2297 egregie
505 2258 708 2287 seutentiam
736 2264 886 2290 nostram
917 2260 1036 2291 contir-

335 2312 418 2346 mat‚
439 2306 529 2347 quod
559 2317 577 2336 a
604 2308 783 2339 Lactantio
810 2310 1036 2351 subjungitur,

334 2366 386 2388 seu
399 2357 486 2395 feru,
507 2357 615 2387 sensit
641 2360 717 2388 avis.
764 2359 889 2389 Rerum
907 2361 1033 2400 quippe

334 2407 539 2438 naturalium
568 2408 750 2446 scriptores
778 2409 818 2439 ad
846 2419 945 2440 tinum
969 2420 1035 2441 om-

334 2465 408 2493 nes,
423 2457 479 2497 qui
503 2457 544 2486 ‹lc
569 2458 851 2489 struthiocamclo
878 2465 1034 2499 egerunt,

335 2505 490 2537 dubitant
527 2508 757 2546 vehementer,
782 2518 844 2538 nec
882 2510 963 2539 satis
999 2510 1031 2540 iu

335 2562 512 2596 comperto
543 2557 682 2595 habeut,
708 2557 832 2588 ferisne
864 2560 1032 2589 terrestri-

335 2606 396 2637 bus
413 2617 452 2637 an
471 2607 585 2637 avibus
603 2607 634 2636 id
651 2608 772 2638 animal
787 2609 828 2638 sit
851 2618 1031 2639 accensen-

333 2656 425 2695 dum,
442 2657 491 2688 uti
502 2662 537 2688 et
548 2657 588 2687 de
602 2658 840 2698 vespertilione
854 2658 896 2688 ab
910 2659 1029 2690 iisdem

334 2707 529 2748 ambigitur.
575 2707 660 2739 Haec
687 2717 763 2740 cum
794 2709 844 2741 ita
869 2719 943 2742 sese
973 2711 1030 2742 ha-

821 156 963 187 NoTAE
996 157 1260 188 VARIORUM
1295 157 1345 188 IN

1108 251 1225 289 beant,
1241 260 1303 283 nec
1319 251 1362 282 de
1388 251 1454 282 alio
1477 249 1613 281 animali
1636 257 1736 290 quam
1763 250 1806 281 de

1108 312 1245 343 passere
1274 303 1404 334 marino
1430 303 1536 339 locus,
1560 301 1603 332 de
1629 311 1696 341 quo
1718 310 1808 331 nune

1109 353 1249 393 agimus,
1263 353 1430 384 Lactantii
1445 352 1550 393 possit
1564 351 1720 390 intelligi,
1731 359 1809 390 per-

1106 402 1250 433 suadeor
1265 403 1399 434 omnino
1423 413 1484 443 pro
1511 401 1676 433 vocabulo
1701 401 1809 439 nihili,

1107 462 1167 492 pro
1196 455 1250 492 τῷ,
1282 454 1430 494 iuquam,
1469 453 1664 493 magnitiem,
1702 451 1807 483 scribi

1105 508 1281 542 oportere:
1308 505 1428 542 Magna
1444 504 1538 534 etium
1560 502 1654 533 terris
1668 501 1808 533 Arabum

1105 562 1170 591 quoe
1183 553 1330 591 gignitur
1341 554 1416 584 ales.
1447 554 1535 584 Nam
1552 558 1587 584 et
1605 553 1692 593 apud
1709 553 1806 584 Grae-

1105 611 1162 632 cos
1180 602 1259 642 ὅρνις
1272 602 1409 641 μεγάλη,
1425 605 1475 635 vel
1495 605 1595 636 etiam
1621 604 1769 645 στρουθὸς
1787 604 1808 643 ἡ

1103 650 1239 691 μεγάλη,
1257 656 1293 682 ut
1318 662 1358 682 ex
1389 654 1462 684 loco
1481 654 1715 693 Xenophontis
1734 655 1807 695 jam

1105 701 1352 741 quodammodo
1366 702 1520 735 vidimus.
1567 704 1688 744 Neque
1705 705 1808 736 aliter

1104 750 1350 791 Aristophanes
1367 753 1400 782 in
1418 752 1560 792 Avibus,
1577 753 1725 784 AElianus
1740 754 1808 786 his-

1103 800 1201 831 toriae
1234 801 1424 832 animalium
1452 803 1534 834 locis
1565 804 1808 845 compluribus,

1104 851 1220 882 Philes
1238 851 1270 882 in
1288 852 1428 892 lambis,
1443 853 1524 891 alii;
1546 854 1717 893 nimirum,
1731 859 1769 885 ut
1786 865 1806 886 a

1103 901 1237 932 strutho
1268 903 1395 933 minore
1423 903 1492 933 sive
1526 913 1659 943 passere
1688 904 1805 936 distin-

1103 957 1217 991 guant.
1268 953 1395 983 Vastam
1418 953 1525 983 alitem
1553 954 1757 985 Claudianus
1783 955 1805 987 Ι.

1103 1011 1143 1033 11.
1161 1003 1194 1033 in
1215 1003 1412 1043 Eutropium
1426 1003 1526 1040 dixit,
1538 1004 1704 1044 quomodo
1717 1015 1805 1043 mag-

1102 1063 1172 1083 nam
1188 1054 1293 1083 alitem
1309 1058 1444 1084 noster:
1481 1054 1489 1070 ‘
1507 1054 1614 1084 Vasta
1637 1055 1729 1084 velut
1748 1055 1804 1086 Li-

1101 1102 1185 1142 byes
1202 1109 1382 1133 venantum
1399 1103 1536 1134 vocibus
1548 1104 1615 1133 ales
1629 1104 1712 1134 Cum
1729 1112 1804 1143 pre-

1101 1153 1204 1183 mitur
1218 1153 1238 1183 :⁷
1263 1160 1298 1183 et
1315 1154 1388 1183 haec
1405 1153 1579 1183 hactenus.

1148 1206 1205 1232 147
1232 1202 1303 1232 Non
1320 1206 1422 1233 tamen
1435 1205 1480 1232 est
1496 1202 1602 1242 tarda]
1616 1202 1707 1233 Male
1721 1203 1803 1235 Vos-

1101 1252 1210 1282 sianus
1227 1257 1262 1282 et
1278 1252 1332 1282 alii
1349 1253 1555 1292 complures,
1569 1262 1678 1292 parva.

1145 1304 1205 1332 150
1232 1303 1317 1332 Talis
1330 1302 1362 1333 in
1373 1304 1516 1343 adspectu
1531 1313 1562 1333 se
1573 1303 1697 1335 exhibet
1708 1314 1802 1346 usque

1099 1352 1269 1393 hominum]
1295 1353 1419 1384 Versus
1438 1355 1550 1395 paullo
1568 1354 1695 1386 durior.
1719 1365 1799 1386 non-

1099 1403 1180 1433 nulli
1197 1403 1333 1434 codices
1346 1405 1377 1434 in
1393 1406 1585 1445 adspectum:
1608 1405 1639 1436 in
1655 1407 1801 1446 adspectu

1097 1462 1128 1482 se
1148 1456 1232 1484 tenet
1248 1454 1433 1485 Vossianus
1450 1465 1524 1486 cnm
1543 1455 1691 1495 Oxonio⁷
1707 1456 1798 1497 quod

1098 1507 1252 1541 praestat.
1309 1504 1350 1534 Se
1375 1504 1490 1544 prabet
1514 1506 1619 1536 editio
1644 1505 1799 1537 Romana

1097 1561 1170 1582 cum
1190 1553 1298 1584 tribus
1316 1555 1478 1594 scriptis;
1500 1556 1590 1596 quod
1619 1562 1670 1586 est
1686 1566 1717 1587 se
1729 1567 1802 1596 pro·

1096 1601 1170 1637 bat;
1191 1603 1357 1642 quomodo
1382 1603 1578 1634 Hafniensis
1594 1610 1629 1635 et
1654 1605 1797 1637 Bartho-

1095 1651 1192 1681 linius
1208 1662 1215 1682 :
1241 1662 1283 1683 ex
1296 1653 1472 1684 Vaticanis
1490 1663 1573 1684 unus
1588 1664 1619 1685 se
1632 1655 1731 1686 dedit.

1139 1705 1195 1732 151
1225 1703 1377 1734 (om-enit
1407 1705 1580 1745 AEgyptus]
1619 1705 1685 1736 Hic
1712 1707 1795 1738 remit

1093 1752 1276 1784 Vossianus
1293 1759 1328 1784 et
1345 1753 1522 1785 Mediceus
1538 1765 1544 1785 :
1571 1765 1631 1786 sex
1648 1757 1704 1787 alii
1722 1757 1795 1789 Huc

1092 1802 1185 1833 venit.
1232 1802 1300 1833 Pro
1316 1804 1431 1834 salutat
1449 1804 1631 1836 Vossianus
1648 1807 1793 1839 resultat.

1138 1856 1198 1884 153
1223 1854 1572 1896 Protinusinsculpunt]
1598 1857 1793 1898 Exsculpunt

1091 1903 1283 1943 Vossianus,
1309 1905 1475 1944 (hunius,
1501 1908 1689 1948 caeterique
1706 1918 1795 1949 mag-

1092 1963 1133 1984 ua
1150 1964 1191 1985 ex
1216 1960 1327 1994 parte,
1344 1956 1405 1986 nisi
1428 1958 1515 1997 quod
1543 1958 1574 1987 in
1590 1958 1791 1999 quibusdam

1091 2004 1285 2045 insculpunt:
1329 2006 1473 2037 diximus
1502 2008 1543 2038 ad
1570 2009 1681 2049 Epist.
1713 2018 1791 2042 xlv.

1091 2055 1280 2085 Heroidum
1299 2057 1458 2096 Nasonis,
1479 2061 1553 2089 128.

1135 2109 1195 2136 156
1223 2106 1304 2145 Ulla,
1326 2117 1380 2137 nec
1406 2108 1469 2138 ulla
1496 2108 1608 2148 metus]
1641 2111 1708 2141 Nec
1730 2121 1792 2142 me-

1090 2166 1155 2185 mor
1169 2157 1229 2186 ulla
1257 2160 1355 2187 uictus
1378 2158 1610 2189 Bartholiuius
1633 2166 1668 2191 ct
1694 2161 1790 2192 Vati-

1089 2216 1192 2237 canus
1209 2217 1303 2237 nnus.
1349 2207 1457 2238 Paulo
1475 2214 1553 2239 ante
1566 2218 1607 2239 ex
1624 2211 1787 2241 Vossiano

1090 2257 1257 2287 Contrahit
1270 2257 1303 2287 in
1315 2260 1369 2287 coel
1376 2268 1419 2288 us.

1130 2310 1191 2336 158
1216 2308 1347 2338 Munere
1362 2309 1434 2338 Ιαέα
1447 2309 1514 2348 pio]
1544 2310 1597 2340 Ita
1621 2316 1656 2341 et
1680 2312 1787 2353 scrip·

1088 2357 1112 2389 ti
1127 2368 1134 2395 3
1147 2358 1385 2398 corrigendum
1401 2359 1614 2392 nihilominus
1631 2372 1788 2395 murmure

1081 2409 1144 2448 pio.

1130 2462 1190 2489 160
1217 2459 1295 2489 Mox
1310 2460 1390 2489 redit
1408 2460 1479 2499 istu,
1495 2463 1558 2491 suis
1573 2462 1716 2493 conditur
1731 2463 1784 2495 ille

1084 2510 1172 2550 Iocis]
1216 2510 1424 2549 Castigatins
1463 2512 1598 2541 omnino
1637 2512 1782 2553 scripti:

1084 2561 1164 2590 Mox
1179 2561 1257 2590 redit
1275 2561 1348 2596 illa;
1369 2562 1434 2591 suis
1450 2562 1592 2592 conditur
1603 2563 1673 2593 inde
1687 2563 1762 2594 loeis
1772 2573 1783 2599 ,·

1082 2610 1144 2640 nisi
1157 2610 1246 2651 qnod
1263 2612 1341 2641 unde
1354 2611 1489 2642 codices
1507 2613 1667 2644 nonnulli.
1690 2623 1782 2645 meu·

1081 2660 1175 2692 (lose.

1125 2713 1184 2743 161
1211 2711 1473 2750 Hoecfortunatae
1483 2713 1577 2745 sortis
1592 2712 1718 2755 satique
1730 2724 1778 2744 vo-
