1859 3148
349 148 464 191 1692

583 160 727 191 NOTAE
761 159 1025 190 VARIORUM
1059 161 1110 190 IN
1146 161 1221 191 CL.
1255 162 1421 190 CLJQZ'T‘·

1473 161 1579 191 151²„

1009 377 1143 419 XLI.

861 528 904 571 3.
963 529 1037 570 Ad
1060 529 1294 586 Olybrium.

395 654 411 682 1
436 650 581 692 Affiaetus]
614 651 799 692 Epistolas,
828 653 948 694 quibus
978 654 1057 684 mis-

352 701 492 732 sitandis
502 702 638 733 solenne
651 703 790 734 verbum
800 704 938 743 dirigere
950 704 1057 734 abusu

351 752 566 792 sequentium
579 753 767 783 seculorum
782 758 978 793 corruptum
995 758 1057 785 est.

352 802 469 833 Barth.

395 854 414 882 2
440 853 505 883 Nec
519 853 616 894 redit]
639 854 797 885 Mutuam
822 854 932 886 vicem
954 854 1058 895 loqui-

352 905 419 934 tur.
466 903 533 934 Res
552 913 631 934 vcro
649 906 740 935 clara
758 904 1056 935 familiarissimum

351 952 402 983 his
419 962 552 984 summae
568 960 602 984 et
617 955 814 985 Nobilitatis
829 960 862 985 et
880 954 1056 994 dignitatis

353 1002 443 1033 inter
467 1013 625 1042 proceres
649 1005 817 1035 Romanos
845 1005 923 1035 viris
952 1003 1057 1035 fuisse

354 1053 591 1092 Claudianum,
606 1064 708 1094 quare
725 1054 923 1084 admiranda
948 1064 999 1085 res
1016 1054 1057 1084 de

353 1107 556 1142 ''alipertate
580 1103 665 1133 adeo
691 1104 796 1144 queri.
841 1103 907 1133 Sed
935 1104 1056 1134 scitum

354 1152 436 1183 illud
465 1152 661 1183 observasse
688 1158 865 1193 magnates
897 1154 1057 1184 videntur

352 1202 422 1241 isti,
436 1202 524 1233 πενία
546 1202 601 1234 τὰς
625 1203 741 1242 τέχνας
762 1202 882 1242 ἐγείρει.
908 1213 950 1233 ne
968 1204 1057 1233 locu-

354 1253 505 1291 pletatus
524 1253 720 1283 obvertor-et
738 1253 845 1283 Musis
863 1262 1000 1283 cornua.

398 1302 527 1332 Alter-no
558 1302 682 1341 pollice]
729 1302 936 1339 Poiiticum3
980 1311 1057 1332 cum

354 1351 479 1389 pollice
497 1360 592 1381 nemo
619 1351 762 1391 scribat,
778 1361 913 1382 manum
934 1352 1058 1382 intelli-

352 1399 413 1439 git.

397 1449 502 1489 Salus]
548 1450 661 1490 Caput
691 1451 856 1490 Epistolae
901 1451 1058 1483 Salutatio

354 1500 441 1529 omui
459 1510 545 1539 aevo,
562 1510 660 1541 quam
678 1511 738 1541 pro
752 1501 825 1540 ipsa
845 1501 968 1541 posuit,
987 1511 1058 1531 ver-

354 1554 430 1580 tunt
448 1554 560 1580 tamen
588 1560 698 1581 mores
724 1551 879 1582 hodierni
902 1556 937 1582 et
953 1552 1056 1582 istum

354 1599 593 1640 Antiquitatis.
617 1601 733 1631 Barth.

398 1653 417 1679 3
442 1650 505 1681 Sed
520 1661 585 1691 qua·
602 1655 666 1682 tam
679 1661 777 1691 prona
786 1651 941 1691 facultas]
964 1653 1057 1692 Lego

355 1701 485 1731 cultam
508 1711 625 1740 prona:
651 1702 708 1732 lib.
722 1711 778 1733 111.
794 1702 836 1732 de
855 1703 955 1742 Rapt.
983 1704 990 1718 ‘
1004 1703 1057 1733 cui

355 1755 452 1782 tanta
469 1750 614 1782 facultas
631 1751 669 1782 In
695 1762 748 1783 me
766 1753 906 1784 sai-vitiae
921 1753 943 1783 ?’
982 1754 1057 1784 Pri-

355 1811 427 1831 mus
442 1811 575 1842 quoque
592 1803 792 1842 Vaticanus,
806 1803 959 1834 scribendi
972 1804 1058 1835 labor

355 1854 416 1881 est:
442 1850 529 1882 forte
555 1852 706 1882 scribendi
732 1863 771 1882 an
796 1853 880 1883 labor
903 1852 975 1885 est?
998 1854 1057 1885 sed

354 1901 399 1931 nil
418 1901 613 1932 mutandum
628 1908 769 1934 temere.
797 1903 841 1934 D.
858 1904 972 1936 Heius.

397 1954 416 1981 4
442 1952 504 1981 Seu
544 1953 690 1983 Cicerone
721 1954 822 1994 ionas]
870 1955 1058 1985 Consulatu

357 2002 490 2042 Olybrii
513 2005 586 2034 208.
616 2004 763 2034 Cicerona
784 2004 891 2034 videri
910 2005 1057 2036 scriben-

356 2052 434 2083 dum
452 2053 542 2083 dixi:
569 2058 602 2083 ct
619 2054 667 2084 sic
683 2055 852 2084 Lucensis.
878 2056 931 2085 Sic
950 2055 1055 2085 Plato-

356 2111 395 2131 na
413 2111 472 2141 pro
491 2103 650 2133 Platonem
667 2103 753 2134 dixit
767 2104 950 2135 Petronius
962 2105 1058 2136 initio

355 2151 514 2191 Satyrici.
541 2153 638 2182 Idem.

401 2201 462 2231 Seu
494 2201 641 2233 Cicerone
664 2203 765 2242 tonas]
818 2205 957 2235 Fulmen
993 2207 1059 2237 clo-

357 2251 505 2291 quentiae
546 2252 628 2282 illud
665 2254 929 2293 incomparabile
960 2255 1057 2286 dicit.

356 2301 513 2333 Sidonius
531 2311 594 2331 non
625 2304 727 2333 scmcl
756 2305 936 2343 expressit.
962 2305 1057 2335 Idem

357 2353 461 2382 sensit
480 2351 687 2382 Petronius:
712 2355 719 2368 ‘
733 2354 950 2393 Grandiaquc
966 2354 1059 2384 inclo-

357 2402 429 2432 miti
443 2402 618 2432 Ciceronis
636 2402 739 2432 verba
754 2403 945 2433 inincntur.’
969 2404 1058 2434 Duc-

359 2457 429 2482 tum
448 2462 465 2481 a
486 2452 634 2488 Pericle,
657 2452 712 2492 qui
729 2453 931 2482 concionans
950 2453 1059 2491 fulgu-

358 2510 431 2531 rare
458 2507 492 2532 et
517 2506 634 2531 tonare
662 2501 853 2532 dicebatur.
909 2503 964 2533 Sic
994 2508 1059 2533 tor-

359 2551 448 2581 renti
465 2557 619 2591 ·‹vquatur
636 2551 893 2582 Demosthenes.
919 2552 1033 2582 Barth.

401 2606 418 2631 5
446 2602 577 2632 Divitiis
609 2603 718 2642 animi]
769 2604 956 2643 Opulcntia
995 2605 1060 2635 clo-

359 2652 509 2692 qucutiae
527 2653 716 2692 artiumque
735 2653 906 2684 instructi.
932 2655 1030 2684 Idem.

402 2705 419 2732 7
448 2702 510 2737 Qui
540 2703 654 2744 scripta
677 2702 782 2743 serat]
823 2704 916 2735 Ferri
947 2710 1060 2735 autem

1108 653 1328 693 peculiariter
1344 654 1495 694 epistolis
1509 654 1692 694 addicitur,
1711 658 1746 686 et
1761 658 1815 687 est

1105 702 1242 742 perferri
1272 703 1393 733 isthic:
1432 709 1469 734 nt
1493 705 1665 744 perlatores
1689 705 1815 736 latores

1108 752 1246 783 Sidonio
1263 757 1298 783 et
1315 753 1400 783 aliis.
1420 754 1518 785 Idem.

1152 805 1172 832 8
1197 803 1434 844 Pulcerulenta]
1458 805 1652 845 Nunquam,
1668 806 1729 845 ait,
1744 805 1816 845 pul-

1109 852 1159 883 vis
1171 853 1322 893 sedatur,
1333 859 1428 885 tanta
1441 856 1701 886 commeantium
1716 855 1817 886 turba

1110 907 1173 933 est.
1199 903 1297 934 Idem.

1152 954 1172 982 9
1198 953 1291 983 Fluat
1308 953 1483 994 ingenium]
1514 955 1661 993 Uberet,
1679 962 1818 994 quomo-

1110 1002 1152 1032 do
1164 1002 1386 1034 abundantiam
1406 1005 1593 1035 Tullianam
1617 1004 1705 1035 idem
1722 1004 1817 1035 Sido-

1110 1053 1183 1083 nius
1199 1053 1294 1084 dixit.

1155 1103 1320 1143 Reporlet]
1342 1104 1573 1135 Sollicitatum
1591 1103 1663 1143 jam
1681 1112 1747 1133 non
1765 1112 1816 1134 re-

1110 1153 1261 1184 scribere
1279 1154 1447 1194 queritur.
1469 1154 1586 1184 Barth.

1155 1206 1194 1233 12
1217 1202 1326 1242 Spatia
1339 1203 1520 1233 debilitatur
1531 1203 1633 1243 amor]
1655 1204 1732 1237 Quo
1744 1213 1815 1236 cre-

1110 1261 1205 1282 scere
1222 1253 1371 1283 debebat
1389 1257 1490 1293 atque
1508 1254 1636 1292 augeri.
1661 1254 1757 1285 Idem.

1156 1305 1193 1332 13
1217 1302 1330 1332 Lucem
1338 1302 1406 1340 jam
1417 1305 1526 1333 condat
1547 1303 1724 1344 Hydaspes]
1749 1304 1816 1335 Ex-

1111 1351 1268 1382 clamatio
1283 1352 1514 1383 admirationis
1529 1358 1563 1384 et
1577 1353 1816 1385 obtestationis

1111 1402 1152 1432 ab
1186 1402 1287 1433 rebus
1311 1403 1574 1443 impossibilibus
1599 1404 1728 1435 Ovidio
1751 1404 1816 1436 usi-

1111 1452 1282 1483 tatissima.
1307 1453 1405 1483 Idem.

1156 1502 1277 1532 (fiendae
1294 1502 1475 1543 Hydaspes]
1501 1503 1619 1533 condet
1636 1503 1732 1543 prim.
1748 1504 1816 1535 Va·

1111 1551 1170 1582 tic.
1189 1552 1331 1582 Luccns.
1358 1558 1393 1582 et
1420 1552 1574 1593 plerique
1605 1553 1672 1583 alii.
1705 1552 1817 1584 Iidem

1109 1610 1187 1630 mox
1214 1601 1326 1641 oriere,
1352 1603 1523 1642 candescet,
1550 1607 1585 1633 et
1608 1604 1743 1642 proluet.
1767 1604 1818 1635 D.

1110 1650 1230 1680 Heius.

1154 1702 1191 1730 15
1220 1701 1389 1730 Candescet
1416 1701 1539 1732 Geticis
1562 1702 1671 1732 Meroe
1694 1712 1818 1734 conver-

1109 1759 1142 1779 sa
1152 1749 1288 1788 pruinis]
1313 1750 1431 1780 Malim
1450 1754 1603 1781 canescet:
1633 1762 1710 1782 cana
1726 1753 1816 1784 enim

1107 1800 1222 1839 pruina
1239 1800 1361 1840 passim
1382 1801 1499 1832 Poetis
1516 1801 1653 1833 dicitur.
1679 1802 1815 1843 Raphe·

1110 1850 1302 1890 lengianurn
1327 1861 1486 1891 conspersa
1509 1856 1628 1883 contra
1644 1853 1746 1885 libros
1762 1864 1817 1886 ve·

1110 1904 1200 1930 teres
1217 1904 1278 1930 est.
1303 1900 1399 1931 Idem.

1155 1952 1195 1980 19
1219 1950 1497 1991 It'emoraturasque
1527 1952 1674 1992 sodalem]
1708 1954 1817 1984 DIora-

1113 2002 1257 2039 iurasque
1269 2001 1413 2033 Luccus.
1427 2006 1462 2032 ct
1479 2002 1628 2042 quinque
1646 2002 1713 2033 alii.
1739 2004 1815 2035 Cla-

1111 2050 1196 2080 verii
1214 2050 1322 2081 codex
1346 2055 1381 2081 et
1398 2062 1460 2082 sex
1484 2061 1525 2082 ex
1542 2053 1663 2083 nostris
1684 2063 1817 2084 remora-

1110 2103 1278 2140 tur-usque:
1315 2101 1403 2132 alter
1432 2101 1584 2142 ejusdem
1613 2113 1688 2133 cum
1719 2104 1817 2143 prim.

1110 2151 1280 2181 Vaticano
1297 2156 1331 2182 et
1358 2152 1525 2182 tredecim
1557 2153 1631 2182 aliis
1652 2154 1820 2183 solaturus-

1111 2211 1180 2240 que,
1208 2201 1384 2231 commodo
1413 2211 1523 2231 sensu.
1572 2202 1673 2232 Forte
1702 2206 1816 2233 tamen

1112 2251 1293 2289 legendum
1320 2251 1580 2290 resalutatamque
1604 2252 1757 2282 sodalem:
1779 2262 1816 2282 u-

1110 2309 1171 2329 nus
1188 2300 1313 2330 ivlcdic.
1328 2303 1627 2340 memoratarasque:
1651 2305 1721 2341 opt.
1735 2300 1817 2332 Am-

1112 2349 1196 2379 bros.
1227 2350 1474 2389 mirandasque:
1497 2351 1669 2389 Bartbius,
1698 2361 1816 2382 recrea-

1113 2402 1269 2438 tut-usquc.
1326 2400 1536 2429 Fan-illarius
1566 2410 1642 2430 cum
1671 2401 1815 2441 Olybrio

1111 2449 1194 2488 agit,
1220 2450 1275 2490 qui
1305 2460 1340 2479 sc
1374 2450 1524 2480 sodalem
1552 2451 1624 2489 ejus
1650 2451 1813 2491 appellet.

1112 2501 1280 2530 Putabam
1310 2502 1387 2530 olim
1414 2501 1629 2531 scribendum
1657 2505 1815 2532 exoratus-

1112 2560 1169 2589 (μω
1201 2550 1338 2581 salutem.
1382 2550 1418 2580 Si
1447 2552 1656 2591 solaturusque
1682 2553 1816 2583 sodalem

1114 2601 1314 2641 retinemus,
1343 2603 1499 2643 sequenti
1532 2612 1630 2633 versu
1649 2602 1725 2641 sore
1752 2612 1816 2643 pro

1113 2652 1185 2681 doce
1217 2651 1396 2691 legendum
1431 2653 1591 2685 videtur:
1628 2658 1731 2694 atque
1766 2653 1816 2684 ita

1113 2702 1233 2741 opinor
1249 2713 1267 2732 a
1284 2702 1467 2734 Claudiano
1483 2703 1650 2735 relictum.
1675 2704 1772 2735 Idem.
