1763 3116
370 158 419 188 ΙΝ
455 157 483 188 l.
515 157 652 187 CONS.
684 155 896 186 S'rlLlcn.
931 156 1023 186 LlB.
1058 157 1108 186 ΙΙ.

10 253 75 285 alio
93 263 169 284 cum
191 253 317 285 honore
334 252 503 284 venereris
526 259 624 291 quam
649 249 706 290 qui

10 303 199 335 debetur-et
214 304 255 334 ab
270 303 421 334 omnibus
437 301 592 332 defertur
605 299 705 330 senili

11 355 118 385 aetati.
143 351 263 384 Barth:

52 405 116 434 Ceu
132 407 280 441 sanctum,
294 402 362 442 ἐγὼ]
387 401 532 435 Quidam
548 400 704 432 Theodo-

8 454 105 493 sium,
123 455 177 484 alii
195 455 232 485 B.
257 453 470 484 Ambrosium
496 452 704 492 intelligunt,

7 505 64 545 qui
81 514 198 544 magno
215 502 340 535 affectu
356 508 555 543 prosecutus
572 507 624 534 est
638 502 705 534 Sti-

5 554 188 585 lichonem:
215 563 294 585 sane
311 554 337 584 si
361 553 486 584 diutius
513 558 590 594 post
618 563 702 584 mor-

5 610 71 636 tem
85 605 262 637 Theodosii
280 605 432 643 vixisset,
446 609 579 635 mutuas
599 604 703 634 tradi-

4 655 107 686 disset
135 665 255 696 operas
281 664 357 686 cum
385 655 571 686 Stilichone
596 654 629 685 in
652 653 702 686 fo·

3 706 110 737 vendo
129 716 168 737 ac
193 707 342 746 regendo
359 706 533 744 Honori03
560 705 618 737 sed
635 715 702 736 ma-

4 757 112 788 mrius
143 757 310 788 decessit:
346 757 435 787 unde
466 757 531 787 imo
557 756 701 788 Stilicho

0 807 124 838 dixi÷se
140 806 249 838 fertur
264 807 327 847 (ait
341 805 522 847 Paulinus)
542 812 636 837 tanto
655 806 702 836 vi-

2 867 39 887 ro
68 857 249 888 recedente
280 857 322 887 de
346 866 500 896 corpore,
524 857 700 886 interitum

2 907 175 938 imminere
202 907 333 937 Italiae:
373 906 457 937 obiit
498 915 577 936 vero
620 911 699 936 ante

0 957 124 987 bellum
155 956 292 988 Gildon.
331 957 419 997 quod
455 955 521 987 fuit
555 957 699 987 triennio

0 1012 74 1047 post
91 1012 230 1037 mortem
247 1006 441 1037 Theodosii.
469 1007 592 1037 Clarer.

39 1060 79 1087 74
104 1056 282 1097 Hincfuit]
305 1057 359 1088 Sic
373 1057 443 1093 fuit
468 1057 565 1097 prim.
583 1056 697 1088 Vatic.

0 1112 33 1138 et
50 1117 109 1138 sex
128 1107 194 1138 alii.
222 1108 265 1138 D.
284 1107 398 1138 Heius.

39 1158 162 1189 Primos
178 1159 208 1189 in
219 1159 345 1198 conjuge
359 1159 489 1189 disceret
502 1158 604 1199 ignes]
620 1159 697 1190 Non

0 1208 177 1240 exhaustus
209 1209 473 1240 adolescentiam
507 1210 697 1250 vulgivagis

0 1258 200 1298 libidinibus,
223 1259 281 1290 sed
312 1260 478 1299 integram
504 1259 628 1291 famem
655 1260 696 1291 ad

0 1320 96 1341 ovum
114 1309 270 1343 afferens.
295 1312 411 1342 Barth.

38 1364 77 1390 73
118 1361 243 1401 Virum]
282 1362 424 1392 Virilem
464 1363 696 1401 concubitum,

0 1411 138 1451 primam
169 1412 348 1442 Venerem.
389 1413 575 1443 Martialis:
614 1415 623 1429 ⁴
652 1415 697 1445 Et

0 1471 70 1502 quae
99 1466 133 1491 te
158 1460 261 1492 faciet
291 1462 397 1501 priuia
423 1463 535 1502 puella
562 1463 695 1494 virum.'

0 1511 110 1542 Prima
127 1515 160 1541 te
177 1510 320 1542 fruetur.
346 1512 444 1542 Idem.

36 1565 77 1593 70
105 1562 187 1601 Lege
202 1562 280 1602 tori]
306 1562 397 1594 Nihil
415 1563 447 1593 in
465 1572 522 1593 ore
539 1563 695 1604 frequen-

0 1612 59 1643 tius
77 1612 208 1644 Graecis
224 1613 352 1652 Poetis,
378 1623 476 1654 quam
493 1615 563 1644 Lex
582 1616 693 1646 Vene-

0 1662 51 1702 ris,
70 1663 216 1702 Amoris,
240 1666 302 1695 &c
336 1664 404 1694 Lm·
420 1670 533 1696 autem
551 1665 612 1695 tori
640 1666 693 1697 hic

0 1713 159 1753 ‚egitinios
181 1714 344 1744 thalamos
361 1719 468 1746 notat.
494 1715 592 1746 Idem.

36 1765 75 1793 77
103 1764 237 1794 lss'elicior
250 1764 299 1793 ille
317 1765 357 1794 Te
372 1764 487 1804 socero]
505 1764 608 1795 Certe
624 1775 692 1796 om·

0 1822 69 1844 nem
97 1814 129 1844 in
157 1823 196 1844 eo
222 1813 421 1846 felicitatem
445 1815 564 1846 habuit
577 1816 692 1847 Hono-

0 1863 70 1894 rius.
97 1864 193 1895 Idem.

35 1916 75 1944 79
100 1913 187 1945 Iners
212 1918 266 1945 aut
288 1915 398 1956 impia]
423 1916 625 1956 Eutropium
643 1917 691 1947 ‹li-

0 1964 40 1995 :it
56 1970 91 1995 et
108 1965 264 1996 Rufinum
281 1976 322 1996 ex
348 1968 416 1996 suis
438 1977 604 2008 quemquo
623 1977 691 1997 mo-

0 2014 95 2045 ribus.
130 2016 167 2046 lu
187 2016 368 2047 Arcadium
391 2018 489 2058 longe
505 2018 604 2048 aliter
622 2019 690 2048 ani-

0 2070 119 2095 :natum
137 2065 237 2097 fnisse
255 2068 473 2098 Stilichonem
502 2069 606 2099 tradit
631 2070 690 2099 So-

0 2125 164 2154 zomenus,
188 2117 244 2147 lib.
263 2126 316 2147 ix.
342 2127 416 2158 cap.
433 2121 464 2148 4.
498 2118 564 2149 Sed
581 2128 623 2150 ex
641 2129 692 2149 ru-

0 2165 150 2195 non-ihm.
176 2167 270 2198 Idem.

34 2211 73 2238 82
99 2209 336 2249 swnsremuic]
358 2210 512 2240 meeret
529 2211 603 2241 libri
621 2212 691 2251 ple-

0 2257 103 2298 ·ique:
140 2259 199 2288 sed
223 2259 356 2296 fremuit
388 2266 502 2290 exstat
531 2261 563 2290 in
593 2261 689 2302 prim.

0 2307 101 2339 Vatic.
134 2311 306 2350 excerptis
337 2311 423 2341 Lai-ti
453 2317 487 2341 et
514 2322 572 2342 sex
604 2312 687 2342 aliiS.

1351 149 1463 190 1519

759 248 840 279 tioni
865 248 1061 287 subscribit,
1084 253 1120 280 et
1147 249 1281 280 lacessiti
1305 259 1344 280 ac
1371 253 1463 290 petili

756 298 953 330 insecundo
965 308 1043 330 casn
1059 300 1242 340 approbat.
1266 300 1358 331 Male
1371 301 1461 332 idem

755 349 920 380 Stilicorda
947 351 995 380 ira
1025 350 1224 390 reponebat,
1248 359 1323 380 nain
1351 349 1388 379 τὸ
1415 351 1459 381 sic

755 401 982 431 necessarium
999 405 1064 440 est,
1081 410 1156 432 cum
1171 399 1208 431 τὸ
1224 404 1256 432 ue
1273 400 1457 443 subsequa—

755 454 821 482 tur.
853 451 898 482 D.
917 451 1031 482 Heius.

799 501 936 532 Canduit
948 501 1011 541 ira]
1027 502 1178 540 Candore,
1195 510 1358 532 summam
1370 510 1463 532 com-

754 551 937 582 motionem
953 552 1054 582 animi
1071 556 1178 583 notat.
1211 552 1329 582 Barth.

796 603 838 631 86
864 602 962 640 Cujus
975 600 1154 642 sultaflde]
1179 601 1290 642 Hujus
1315 612 1366 642 pr.
1391 603 1459 633 Va-

755 651 813 683 tic.
838 657 872 683 et
889 652 1007 683 decem
1027 657 1208 693 praeterea.
1236 653 1280 683 D.
1300 652 1415 683 Heius.

796 705 836 733 87
875 702 1002 744 Stabat]
1036 703 1249 734 Inconcussa
1279 712 1457 744 permane-

755 752 824 793 bat,
846 752 998 785 florebat.
1044 754 1137 786 Stare
1154 755 1267 796 fidem,
1293 764 1369 796 quae
1392 764 1458 785 non

755 804 904 841 vacillet,
919 804 1005 834 dixit
1020 804 1176 836 Plautus.
1206 806 1318 837 Barth.

796 857 836 884 88
853 853 999 885 Sidonias
1014 855 1203 896 chlamydes]
1220 856 1365 888 Omnem
1378 857 1459 888 Ves-

754 909 823 934 tem
840 910 1016 945 augnstam
1035 906 1131 937 dicit.

797 955 947 994 Cingula]
973 955 1070 986 Inter
1092 957 1236 996 insignia
1261 959 1457 999 Majestatis

751 1007 866 1047 Regiae
884 1008 915 1038 hi
934 1008 1070 1039 balthei.
1094 1009 1212 1039 Bur-lh.

792 1060 834 1087 90
873 1057 1062 1088 Renidentes
1099 1058 1290 1098 hyacinthis]
1329 1060 1456 1090 Rodun-

747 1109 857 1138 dantes
873 1107 970 1147 prim.
987 1108 1100 1138 Vatic.
1130 1114 1165 1139 et
1194 1118 1255 1139 sex
1288 1109 1365 1141 alii:
1390 1120 1456 1141 non

749 1159 874 1198 placet.
914 1158 1009 1190 Infra
1037 1161 1071 1191 in
1102 1159 1220 1200 Epigr.
1260 1162 1268 1177 ‘
1295 1161 1454 1202 Dumque

747 1218 827 1239 auro
844 1209 1009 1250 phalerae,
1034 1211 1174 1250 gemmis
1193 1211 1271 1242 dum
1288 1211 1386 1243 frena
1402 1222 1455 1243 re-

747 1259 888 1291 nident.'
928 1260 995 1291 Pro
1023 1260 1210 1301 Smaragdis
1235 1263 1363 1293 rectius
1390 1263 1456 1293 Lu-

749 1319 839 1341 cenS.
853 1310 1051 1350 Smaragdm
1075 1318 1110 1343 et
1127 1322 1145 1343 a
1160 1322 1261 1344 manu
1279 1313 1386 1353 prima
1405 1324 1455 1345 se-

749 1361 880 1391 cundus
897 1362 1008 1393 Vatic.
1033 1363 1078 1393 D.
1093 1363 1207 1395 Heius.

791 1414 828 1441 91
857 1412 984 1452 Cupulis
1009 1413 1221 1453 radiantibus]
1262 1415 1453 1446 Manubriis

747 1462 886 1501 gemmis
923 1461 1145 1502 fulgentibus.
1184 1464 1334 1504 Capulus
1364 1465 1452 1496 enim

748 1510 886 1543 fortium
915 1511 1085 1543 factorum
1108 1519 1328 1546 monumenta
1352 1515 1453 1546 habe-

747 1561 805 1591 bat
823 1562 956 1593 eaelata.
982 1563 1097 1595 Barth.

788 1613 830 1641 92
854 1611 947 1651 Igne]
973 1612 1130 1653 Fulgore.
1160 1615 1259 1644 Idem.

787 1664 826 1690 95
846 1661 994 1692 Mittitur
1011 1665 1041 1692 et
1056 1663 1160 1702 miles]
1186 1663 1240 1693 Ad
1258 1668 1371 1703 partes
1390 1665 1453 1696 sci-

743 1712 827 1743 licet
859 1712 1067 1744 Orientales.
1131 1714 1232 1745 Dicit
1278 1715 1452 1747 exercitus

744 1763 846 1794 ctiam
861 1763 1005 1795 fratrum
1020 1775 1061 1795 ex
1080 1774 1177 1806 aequo
1195 1765 1360 1796 divisisse.
1377 1767 1451 1797 Me-

745 1813 861 1844 liorem
884 1818 994 1844 tamen
1011 1820 1145 1854 partem
1163 1815 1226 1845 sihi
1245 1820 1280 1846 et
1298 1814 1450 1848 Honorio

744 1873 804 1893 suo
834 1873 988 1894 servasse
1028 1864 1250 1897 Stilichonem
1282 1872 1450 1898 memorat

744 1914 910 1950 Zosimus,
936 1915 996 1946 lib.
1014 1924 1046 1946 v.

789 1964 915 2004 Partes]
940 1965 1089 2004 Imperia
1107 1965 1172 1996 duo
1192 1965 1393 1998 Occidentis
1412 1971 1448 1998 et

744 2014 910 2045 Orientis.
958 2016 1250 2056 Partes,adversae
1273 2016 1450 2049 factiones.

743 2064 860 2096 Barth.

784 2118 826 2145 96
863 2116 1028 2158 Tumeanc]
1068 2118 1118 2148 Ex
1160 2117 1370 2150 dissensione
1411 2119 1446 2150 in

741 2165 884 2197 Bellum.
911 2167 1008 2198 Idem.

783 2219 822 2246 97
851 2217 952 2252 Quam
976 2218 1192 2259 peccarefide]
1225 2219 1280 2250 Sic
1307 2219 1446 2260 quidam

741 2272 896 2304 veteres3
923 2268 1075 2309 plerique
1093 2275 1205 2300 tamen
1219 2269 1338 2309 fidem:
1366 2280 1446 2312 qua-

741 2322 819 2347 tuor
831 2319 1096 2359 speclurefidem:
1114 2319 1192 2350 Ald.
1206 2320 1447 2361 riolurefidem:

0 2358 124 2390 Deinde
142 2369 202 2400 pro
215 2360 399 2391 Stilichonis
414 2361 638 2400 primA‘afic.
654 2368 689 2393 et
736 2378 863 2407 peccare
894 2369 995 2409 fidem
1025 2370 1169 2410 probum
1204 2375 1279 2401 est:
1320 2377 1446 2411 peccat

0 2407 46 2437 ilii
62 2409 155 2439 multi
168 2411 298 2440 Stilicho
313 2412 369 2441 sic.
395 2412 488 2442 Nihil
505 2421 588 2452 ergo
604 2424 688 2453 opus

0 2458 209 2497 Raphclengii
243 2463 454 2504 conjectura,
488 2465 621 2495 lacessiti
653 2471 688 2496 et

0 2509 83 2539 veliti
99 2521 158 2550 pro
173 2514 327 2545 lacessitus
343 2520 378 2545 et
392 2516 511 2555 petitus·
525 2526 687 2556 reponen-

0 2560 44 2589 :is.
70 2561 208 2593 Frustra
230 2564 284 2594 iuv
311 2566 414 2596 etiam
443 2573 580 2597 secutus
606 2568 686 2598 Lin-

0 2611 181 2649 grinianum
211 2616 343 2655 odiisque
386 2627 446 2656 pro
490 2619 688 2658 glutliisque;

0 2660 81 2700 quod
104 2667 139 2692 et
165 2663 196 2692 iu
222 2670 365 2703 ‹piutuor
378 2668 500 2697 uostris
521 2668 686 2698 exstabat.

739 2417 837 2455 fides,
853 2428 926 2458 quae
946 2428 1012 2448 non
1032 2424 1230 2459 praestatur.
1266 2421 1349 2451 Mox
1367 2422 1444 2461 lege

739 2469 880 2508 quicquid
899 2467 1004 2505 fuerit
1032 2470 1086 2500 vel
1113 2475 1234 2501 contra
1251 2471 1366 2502 libros.
1397 2473 1445 2503 D.

743 2518 853 2549 [Ieins.

781 2571 823 2599 99
847 2569 982 2608 Mcreri]
1007 2569 1187 2608 Obtincrc,
1210 2581 1349 2611 capere.
1386 2571 1441 2601 Sic

739 2619 818 2649 alibi
839 2620 990 2650 Meritum
1008 2631 1068 2659 pro
1087 2621 1237 2659 praemio.
1263 2621 1376 2650 Barth.

784 2673 845 2700 100
864 2671 942 2705 Qua?
954 2671 1084 2701 crimina
1095 2670 1225 2710 pellunt]
1242 2672 1308 2701 Sex
1321 2669 1441 2708 scripti

0 2709 134 2742 Frustra
150 2712 307 2745 Barthius
320 2716 604 2758 Raphclengiauae
622 2718 688 2750 lec·
736 2723 881 2759 poscunt:
904 2720 967 2751 hoc
990 2726 1053 2761 est,
1077 2724 1278 2761 provocant,
1307 2719 1359 2750 vel
1383 2719 1442 2750 im-
