1763 3116
523 153 586 183 DIl
618 152 682 183 VI.
714 152 853 184 GONS.
886 154 1070 184 HONOR.

78 254 136 285 quo
146 244 290 285 gentibus
303 245 364 276 illis
379 245 486 276 Sidere
498 245 631 276 consueti
648 255 659 281 ;
686 246 772 285 opti-

77 304 155 327 me:
191 296 315 327 hiber-no
336 298 432 327 sidere
457 305 517 336 pro
543 299 694 336 tempore
709 307 718 334 ς
734 302 772 327 ut

77 347 167 387 apud
193 348 313 387 Virgil.
346 348 355 364 4
373 347 463 379 Quin
490 347 591 377 etiam
630 347 771 378 hiberno

75 397 203 427 moliris
236 397 345 427 sidere
381 397 544 427 classem.'
590 396 693 429 Ovid.
731 407 773 430 Π.

76 445 176 477 Pont.
193 446 243 476 ΕΙ.
258 449 288 476 4.
304 447 313 462 ‘
328 446 442 486 Longa
458 446 529 477 dies
545 447 680 478 brevior
695 449 771 479 brn-

74 496 153 526 mali
167 495 275 525 sidere
286 495 306 524 :'
328 506 383 535 quo
395 496 494 527 sidere
510 497 610 528 etiam
624 498 771 539 quinque

73 553 116 575 ex
130 545 251 575 nostris
267 555 274 575 ε
298 545 354 576 alii
378 546 538 588 quinque,
553 550 631 588 quod
653 550 772 581 sidere:

73 594 227 634 totidem,
243 596 445 636 quodsa‘dere
460 609 469 628 :
493 597 559 628 duo
569 598 769 638 quofoedere:

72 643 139 675 duo
156 645 235 676 item
253 646 452 686 quofrigore.
498 649 608 688 Vulgo
623 652 700 689 quod
709 651 772 689 sri-

70 704 155 734 gore.
181 705 281 735 supra
309 705 357 726 lv.
386 697 521 729 Consul.
550 699 705 739 Honorii,
722 710 771 732 vs.

74 748 126 776 30.
149 746 158 762 ‘
175 746 265 778 Quid
294 747 385 785 rigor
412 754 560 779 veternus
583 751 668 787 cali,
692 751 770 791 quid

74 795 184 826 sidera
202 802 354 835 prosunt,
371 797 596 839 Ignotumque
614 800 734 832 fretun·
747 802 770 832 ?'

74 845 121 875 sic
136 850 167 875 et
180 845 247 876 illic
261 846 475 877 scribendum
487 857 560 879 esse
572 851 770 890 monuimus,

74 895 274 934 nonsrigora
286 906 297 931 ,³
309 901 342 926 et
360 897 512 936 pluribus
529 899 697 931 adstruxit
714 911 770 931 cu-

73 945 117 976 ris
151 945 316 984 secundis,
357 952 394 977 ut
431 947 541 987 video,
578 950 735 981 Bartliius
760 963 767 981 :

73 1004 176 1036 quare
192 995 295 1027 miror
320 996 382 1026 lioc
400 997 472 1028 loco
489 999 538 1028 sui
552 998 691 1030 oblitum
710 1011 769 1040 pro

69 1046 208 1085 vulgata
230 1047 395 1087 scriptura
420 1058 580 1088 pugnare.
627 1051 768 1090 Statius,

70 1096 230 1128 Thebaid.
247 1107 312 1128 vn.
335 1100 345 1116 ‘
364 1099 532 1130 Bistonias
545 1110 646 1140 super
663 1112 768 1143 usque

72 1146 186 1178 domos
216 1158 380 1189 axemque
409 1150 515 1181 nivosi
543 1151 689 1184 Sideris!
724 1153 767 1184 D.

72 1196 194 1229 Heius.

113 1250 174 1278 445
201 1249 333 1287 Frigore
361 1251 526 1292 consuetis]
579 1251 674 1283 Ordo
704 1259 768 1291 est,

74 1298 152 1339 quia
179 1301 334 1335 gentibus
361 1302 459 1341 liujus
487 1312 608 1333 census
624 1303 697 1343 ipso
714 1303 769 1334 fri-

73 1357 152 1385 gore
168 1348 260 1379 favet
290 1350 516 1390 inclementia,
540 1353 708 1383 consuetis
724 1354 769 1384 vi-

71 1397 209 1428 delicet.
233 1400 346 1430 Barth.

114 1448 224 1478 Sidere
257 1449 351 1488 cous]
386 1449 453 1479 Alii
490 1451 635 1489 Frigore.
675 1452 768 1482 Gens

70 1503 204 1537 gentem
236 1499 399 1537 praecedit
425 1500 457 1529 in
476 1499 578 1536 bello,
595 1502 642 1530 ait
661 1502 768 1540 Yege-

69 1546 150 1586 tius,
168 1553 202 1578 et
220 1548 319 1588 plaga
336 1549 410 1578 coeli
428 1559 490 1580 non
509 1554 641 1580 tantum
659 1551 699 1581 ad
719 1561 769 1582 ro-

69 1596 130 1627 bur
158 1606 352 1638 corpornm,
376 1599 434 1628 sed
459 1598 560 1630 etiam
581 1601 765 1632 animorum

69 1644 163 1677 facit.
190 1648 310 1679 Clarer.

111 1700 172 1728 447
198 1698 328 1736 Siforte
343 1700 480 1740 remotis]
518 1701 659 1739 Niforte
675 1702 768 1742 (plin-

69 1757 132 1788 que
148 1748 238 1786 libri,
268 1759 342 1780 cum
365 1751 471 1790 primo
488 1756 522 1782 et
539 1753 687 1784 secundo
703 1754 768 1783 Va-

70 1798 200 1830 ticanis.
223 1800 268 1830 D.
288 1800 398 1832 Heius.

111 1851 173 1879 *150
198 1849 241 1880 Et
257 1851 330 1881 duce
342 1850 483 1890 venturo]
516 1852 586 1883 Hoc
597 1854 671 1884 duce
688 1863 766 1884 con·

69 1902 122 1929 tra
139 1899 283 1939 scriptos
304 1901 569 1942 Raplielengius.
595 1905 692 1935 Idem.

113 1950 338 1990 Memor-ermque
376 1953 512 1992 tuorum]
566 1954 696 1986 Quibus
729 1964 764 1985 se

70 2005 254 2039 comparat.
278 2001 393 2032 Barth.

110 2052 172 2080 452
199 2051 308 2081 Ιῆιίἰυε
321 2052 496 2092 lucis-amor]
519 2054 527 2070 ‘
542 2054 678 2095 Quippe
697 2065 764 2087 nio-

70 2099 96 2129 ri
114 2100 229 2139 satius,
255 2101 333 2131 vitae
357 2112 454 2142 quam
472 2102 562 2134 ferre
581 2105 763 2144 pudorem.'

70 2149 165 2180 Idem.

109 2202 171 2230 453
198 2201 277 2231 Mox
306 2205 333 2232 et
356 2212 411 2241 per
435 2203 576 2244 Latium]
609 2205 714 2236 Prim.
732 2210 765 2236 et

66 2249 187 2280 tertius
212 2251 320 2282 Vatic.
350 2252 442 2291 prior
472 2254 597 2284 Moreti
616 2261 650 2285 et
669 2256 764 2295 prim.

66 2299 158 2330 Med.
199 2309 273 2331 cum
305 2302 476 2342 Palatino,
502 2309 537 2334 et
574 2305 765 2345 Pricwano,

69 2348 144 2379 Nox
159 2354 236 2390 erat,
247 2354 276 2381 et
291 2352 352 2382 late
363 2362 373 2382 .·
395 2354 563 2393 quomodo
577 2354 710 2385 Deirius
726 2366 764 2387 ac

67 2397 226 2430 Schottus
253 2410 294 2430 ex
324 2401 390 2432 suis
416 2403 543 2442 legunt,
573 2410 607 2434 et
641 2406 765 2445 probat

69 2446 247 2479 Barthius:
279 2457 384 2482 recte.
422 2453 497 2484 Val.
526 2455 679 2494 Flam-im,
710 2465 764 2488 111.

67 2497 77 2513 ‘
91 2497 167 2528 Nox
193 2505 278 2537 erat,
303 2506 337 2531 et
355 2502 420 2532 leni
445 2504 611 2535 canebant
630 2516 764 2546 aequora

69 2546 185 2578 sulco:
210 2548 262 2578 Ita
284 2551 455 2591 Virgilius,
472 2555 576 2594 Naso,
591 2556 764 2598 Horatius,

70 2597 126 2628 alii
145 2596 350 2638 frequenter.
375 2602 416 2632 D.
435 2603 542 2635 Heius.

111 2647 191 2677 Illos:
206 2651 304 2687 ceper
317 2650 456 2692 Latium]
473 2653 654 2685 Obsessum
674 2656 763 2688 intra

67 2697 192 2729 vallum
210 2698 417 2742 Principem,
443 2702 623 2736 liberatum
639 2716 658 2737 a
671 2707 761 2739 Still-

1409 150 1522 191 1595

823 247 930 277 chone
955 247 1060 287 canit,
1087 256 1154 288 quo
1179 248 1289 279 omnia
1310 249 1383 280 haec
1400 260 1521 283 conve-

823 297 930 328 niunt.

866 346 1034 378 Stellarum
1063 358 1146 379 more
1173 348 1327 388 videbam]
1367 349 1419 380 Ad
1438 349 1521 382 indi-

823 395 964 427 candam
980 397 1243 428 multitudinem.
1269 398 1383 429 Barth.

862 448 926 477 454
953 447 1077 477 Primos
1100 447 1224 487 vigiles]
1262 449 1386 487 vigilia
1413 449 1523 490 prima

822 496 879 527 vix
897 497 1057 536 excitata,
1074 499 1278 529 succedente
1291 500 1450 539 secunda,
1463 511 1520 540 pa-

823 547 928 577 tuisse
959 546 1044 578 dicit
1069 549 1322 588 opitulatorem.
1367 550 1522 582 Quatunr

824 598 966 638 vigilias,
997 599 1144 639 singulas
1167 600 1266 630 trium
1290 601 1455 641 horarum,
1470 600 1521 632 fu-

823 649 899 687 isse,
914 654 1028 680 notum
1050 660 1090 680 ex
1108 650 1146 681 iis
1164 661 1238 691 quae
1257 651 1297 682 de
1316 652 1441 683 Militia
1458 653 1524 683 Ro-

823 708 921 729 mana
964 700 1024 730 viri
1069 700 1257 731 doctissimi
1298 702 1521 732 illustrarunt.

825 749 922 779 Idem.

865 802 925 830 455
950 800 1098 840 Pulcher]
1115 801 1168 832 Ita
1182 801 1293 841 potius
1309 812 1405 843 quam
1420 803 1520 834 alium

822 849 974 888 quemvis
999 850 1095 881 dixit.
1143 851 1245 881 Omni
1273 853 1360 883 einim
1385 853 1462 884 loco
1485 858 1521 884 et

822 903 975 938 tempore
1002 899 1086 930 bene
1108 901 1256 932 ominata
1284 902 1521 934 Pulchr-itudo.

822 948 996 988 Virgilius,
1028 949 1087 979 lib.
1114 960 1137 980 1.
1169 951 1300 981 AEncid.
1323 952 1332 967 ‘
1350 952 1521 983 Nascetur

820 999 963 1037 pulchra
1000 999 1166 1039 'l'rojanus
1202 1001 1331 1040 origiue
1379 1001 1519 1033 Caesar!

820 1048 919 1078 Idem.

861 1100 923 1128 457
949 1098 1038 1128 Inter
1053 1109 1099 1130 me
1115 1100 1322 1140 socerumque]
1356 1101 1519 1133 Veterum

818 1147 978 1179 librorum
991 1149 1173 1180 lectionem
1185 1151 1427 1190 expressimus;
1440 1162 1520 1192 quo·

819 1199 918 1230 modo
934 1205 967 1230 et
984 1200 1039 1230 alii
1064 1200 1313 1232 emendandum
1339 1202 1496 1233 viderunt
1512 1214 1518 1232 :

819 1250 917 1289 vulgo
944 1250 1017 1281 haec
1044 1251 1312 1292 inquinatissima
1340 1257 1447 1284 erant.
1474 1254 1519 1284 D.

820 1300 930 1331 Heius.

861 1352 923 1380 458
947 1350 1074 1390 Addua]
1110 1352 1272 1391 Magnum
1296 1351 1434 1391 flumen,
1459 1354 1522 1384 La-

820 1400 869 1430 rio
907 1401 981 1431 lucu
1015 1401 1206 1441 oriundum,
1238 1402 1370 1433 Padum
1398 1402 1519 1436 influit.

825 1450 936 1480 Barth.
1109 1481 1111 1484 ,

861 1502 923 1529 460
946 1500 1113 1540 Adeumla]
1130 1502 1303 1542 Siquidem
1320 1513 1372 1534 me
1390 1504 1517 1536 salvum

820 1549 936 1579 vellet.
963 1549 1059 1579 Idem.

862 1602 923 1629 403
949 1600 1069 1630 E.rtera
1090 1601 1137 1631 rel
1151 1605 1271 1632 nostras
1286 1604 1379 1643 acies]
1417 1604 1521 1636 Anxi-

818 1649 864 1679 lia
892 1649 1090 1689 Barbarica,
1113 1656 1146 1682 et
1171 1653 1337 1684 Romanos
1362 1665 1520 1687 numeros

819 1699 964 1739 liquerat
996 1702 1126 1741 procul,
1162 1702 1280 1734 audito
1323 1704 1519 1738 discrimine

818 1749 1000 1790 Principis.
1027 1751 1125 1782 Idem.

861 1799 942 1830 Ilaec
959 1800 1013 1831 ille
1030 1802 1161 1842 Iocutus]
1186 1803 1256 1834 Hoc
1278 1804 1329 1835 ille
1345 1806 1461 1837 locatus
1477 1816 1518 1838 ex

817 1851 1011 1890 conjectura
1026 1851 1111 1882 bene
1129 1853 1398 1895 Raphelengins:
1415 1858 1519 1898 scrip-

819 1901 843 1931 ti
861 1901 1015 1931 meliores
1026 1901 1236 1935 confirmant.
1260 1905 1302 1936 D.
1320 1905 1431 1937 Heius.

858 1953 919 1981 467
952 1951 1075 1982 Virtute
1087 1953 1157 1993 pia]
1196 1954 1233 1984 In
1260 1954 1455 1996 Principem
1482 1961 1519 1988 et

818 2010 993 2040 generum.
1018 2002 1135 2033 Barth.

858 2054 920 2083 468
945 2053 1148 2083 Prosternens
1170 2055 1274 2095 obt-iu]
1305 2056 1518 2089 Praesteruens

816 2106 936 2133 contra
949 2102 1052 2133 libros
1065 2099 1328 2144 Raphelengius.
1344 2106 1390 2136 D.
1404 2107 1517 2138 Heius.

859 2155 922 2182 469
947 2152 1104 2183 Fulmineo
1133 2153 1231 2183 secuit
1253 2155 1385 2185 tentoria
1413 2156 1518 2197 cursu]

816 2202 930 2232 Verba
960 2203 1112 2233 iudicant
1149 2204 1369 2236 velocitatem
1407 2210 1518 2238 trans·

817 2252 937 2282 euntis.
962 2253 1077 2283 Barth.

857 2305 921 2333 470
947 2303 1038 2333 Nunc
1052 2303 1144 2344 milii]
1182 2304 1279 2335 More
1296 2314 1354 2336 suo
1372 2305 1516 2347 antiqui-

817 2357 920 2383 tatem
938 2354 1094 2384 Graecam
1111 2354 1262 2385 Heroum
1276 2365 1411 2388 suorum
1427 2367 1516 2388 conl-

816 2403 991 2445 paratione
1009 2403 1183 2444 deprimit.
1210 2405 1307 2437 Idem.

859 2455 950 2484 Nunc
966 2453 1057 2493 mihi]
1093 2454 1163 2484 Tibi
1179 2455 1277 2494 prim.
1301 2459 1337 2486 et
1354 2460 1431 2487 tert.
1449 2456 1514 2486 Va·

815 2505 915 2535 tican.
935 2509 969 2534 et
984 2509 1128 2544 quatuor
1146 2505 1213 2535 alii.
1238 2505 1281 2536 D.
1295 2506 1408 2538 Heius.

856 2557 917 2585 477
943 2555 1023 2585 Ecce
1036 2555 1150 2595 cirum]
1178 2556 1439 2596 Comparatione
1456 2565 1512 2585 cu-

807 2605 878 2645 jus,
894 2604 1047 2635 foeminas
1062 2605 1153 2635 dicas
1167 2611 1325 2645 caeteros,
1341 2605 1396 2646 qui
1410 2609 1511 2635 noctu

813 2655 985 2685 cwdundis
1002 2655 1206 2685 adversariis
1221 2655 1340 2687 famam
1356 2655 1510 2695 gloriam-

811 2714 874 2746 que
892 2704 1118 2746 quaesiveriut.
1143 2705 1258 2737 Barth.
