1763 3116
568 144 950 177 EPIGRAMMATA.

29 246 120 278 tibus
136 245 306 276 Concesso
319 243 462 284 juvenes
475 239 583 271 ludite
592 239 729 280 jurgio.'

33 297 75 327 D.
93 295 207 327 Heius.

1374 135 1428 176 17
1431 135 1487 178 27

830 241 867 268 15
893 237 1052 268 Sollicitas
1072 236 1200 276 urgens]
1239 237 1338 276 Urget
1356 239 1488 278 scripti.

785 288 937 329 aliisjam
957 288 1073 319 visum.
1098 287 1195 319 Idem.

642 465 884 508 LXXIII.

28 611 96 652 ⁶23.
149 610 216 652 De
242 610 398 661 Froeno,
430 610 635 661 Phaleris,
668 617 705 650 et
743 607 920 664 Cingulo
945 607 1057 663 Equi
1088 606 1269 648 Ilonorii
1288 622 1312 647 a
1340 605 1491 647 Serena

686 691 825 718 messm.

75 802 125 832 De
151 811 223 842 equo
247 803 323 833 dano
347 804 419 833 dato
447 802 543 841 prim.
560 800 673 831 Vatic.
700 803 736 831 et

33 852 159 883 Medic.
184 853 227 882 D.
248 853 357 883 Heius.

75 904 94 931 2
122 902 282 941 Numinis]
307 903 359 933 Ne
376 901 459 931 mira
486 900 558 931 haec
586 900 736 939 appelia-

33 951 82 982 tio
99 950 283 981 Christiani
307 951 476 989 Principis
493 950 600 980 videri
620 949 737 988 possit,

32 999 161 1031 faciunt
187 999 320 1030 infinita
343 1001 418 1031 loca
446 1000 621 1039 utriusque
638 998 737 1030 Codi-

33 1051 93 1089 cis,
119 1050 260 1090 aliaeque
287 1049 488 1089 Principum
513 1048 737 1089 posteriorum

35 1100 317 1132 constitutiones.
342 1100 458 1130 Barth.

90 1154 110 1181 6
149 1150 377 1190 Perstringere]
408 1150 486 1181 Non
523 1149 737 1180 conculcare.

35 1202 137 1233 Notae
171 1201 380 1241 Hyperbolae
413 1200 610 1238 Poetarum,
634 1209 738 1240 equos

35 1262 97 1293 per
111 1252 231 1282 aristas
243 1261 309 1281 11011
323 1250 465 1281 inflexas
479 1258 627 1281 currere.
644 1249 739 1279 Idem.

79 1303 200 1333 Pascua
225 1303 324 1343 saltu]
350 1304 450 1332 Cursu
477 1300 595 1340 scripti
612 1309 740 1330 omnes,

37 1353 89 1383 D..
103 1352 215 1383 Heius.

80 1406 100 1433 9
126 1403 290 1434 Gemmata
305 1401 447 1441 monilia]
472 1400 632 1432 Notanda
647 1399 741 1440 equis

790 798 863 828 dari
881 796 992 827 solita.
1021 795 1137 826 Barth.

835 851 873 878 12
892 847 1039 878 Manibus
1055 844 1180 883 sudata]
1204 843 1399 875 Eiaborata.
1422 844 1495 874 Du-

791 897 859 927 rior
874 901 986 927 tamen
1017 896 1159 932 locutio,
1181 895 1244 924 nisi
1261 895 1350 935 quod
1368 895 1495 934 impen-

792 956 863 977 sum
903 945 1052 976 studium
1091 944 1301 975 elaborantis
1340 944 1496 974 denotat.

794 997 892 1027 Idem.

835 1049 874 1076 13
902 1046 1066 1076 Persarum
1086 1044 1203 1083 gentile
1228 1042 1333 1082 decus]
1357 1043 1412 1073 Ad
1430 1051 1498 1073 mo-

792 1106 862 1127 rem
892 1096 1085 1126 Persarum.
1131 1094 1228 1124 Mine
1257 1094 1337 1124 locis
1355 1093 1500 1123 barbara

792 1157 917 1188 pompa
941 1150 976 1177 et
1005 1144 1163 1186 superbia
1181 1144 1325 1175 vestitus
1349 1143 1501 1183 phalera-

794 1207 936 1238 rumque
953 1196 1170 1226 Persic-arum
1188 1194 1383 1225 auctoribus
1410 1193 1499 1224 cele-

794 1248 925 1278 bratur.
953 1247 1047 1277 Idem.

838 1301 878 1328 14
895 1296 1051 1327 Mater-nis
1067 1295 1195 1335 studiis]
1211 1295 1286 1327 Jam
1301 1293 1424 1324 marito
1442 1294 1502 1334 igi-

796 1354 850 1380 tur
867 1348 1024 1379 Honorio
1041 1347 1114 1377 haec
1132 1346 1272 1386 scripta.
1300 1345 1394 1375 Idem.

654 1575 888 1619 LXXIV.

286 1723 356 1763 24.
410 1719 655 1776 Deprecatio
677 1718 733 1759 ad
754 1716 965 1758 Alethium
992 1714 1258 1758 Quaestorem.

86 1843 271 1884 Deprecatio
294 1844 334 1873 ad
358 1842 517 1873 Alethium
542 1842 745 1876 Quoestorem,

43 1894 187 1925 Lucens.
214 1898 249 1924 at
276 1894 375 1934 prim.
402 1893 600 1929 Vaticanus,
628 1890 747 1930 Incipit

41 1943 199 1974 excusatio
236 1945 319 1983 apud
356 1943 516 1974 Alethium
555 1943 747 1977 Quoestorem.

43 1994 113 2023 dum
129 1993 310 2030 objiceretur
326 1994 365 2031 ei,
380 1994 459 2033 quod
480 1993 670 2031 epigramma
685 1991 747 2029 ejus

43 2043 286 2083 deprehendis-2?
371 2043 529 2073 Barthius
582 2042 744 2072 Manlium

43 2093 260 2124 Theodorum
288 2095 350 2123 hoc
381 2094 626 2133 epigrammate
654 2092 746 2131 tangi

45 2143 250 2174 arbitratur:
278 2153 353 2173 oum
373 2144 446 2174 vide
468 2153 544 2183 pag.
565 2145 657 2173 1003.
703 2143 746 2174 D.

47 2192 157 2223 Heius.

88 2243 190 2274 Illudi
207 2243 260 2272 hic
284 2253 411 2274 summo
428 2244 514 2280 viro,
531 2243 586 2283 qui
615 2252 656 2273 ex
681 2251 749 2272 ma-

46 2292 206 2334 gistratus
237 2292 403 2333 (lignitate
436 2292 615 2323 Poeticam
647 2292 749 2322 etiam

48 2344 280 2383 praestantiam
309 2343 513 2382 aestimabat,
544 2342 669 2372 nemini
694 2341 750 2372 ob-

49 2402 194 2428 scurum.
240 2393 418 2424 palinodia
441 2393 494 2424 hic
523 2397 575 2423 est
597 2393 753 2422 simulata

50 2443 187 2474 Alethio
203 2444 372 2476 Quaestori
390 2445 478 2483 caui,
490 2445 586 2484 cnjus
604 2443 754 2474 carmina

48 2492 193 2522 inscitia*
223 2496 412 2523 notaverat.
470 2493 571 2524 Hunc
601 2492 755 2533 εἰρωνικῶς

52 2542 272 2582 deprecatur,
303 2549 339 2572 ut
369 2542 531 2573 Horatius
564 2543 754 2581 Canidiam,

53 2603 155 2635 seque
173 2593 332 2634 deinceps
351 2595 544 2634 plausui-um
575 2595 650 2633 ejus
668 2595 757 2634 iuge-

53 2644 108 2674 nio
139 2643 317 2683 praedicat,
347 2643 484 2674 interibi
513 2644 624 2674 doctis
648 2644 756 2676 modis

53 2692 195 2725 hominis
211 2691 334 2725 fastum
348 2693 540 2727 traducens.
563 2693 679 2726 Barth.

845 1841 861 1868 1
900 1837 955 1868 Sic
991 1847 1050 1867 non
1086 1835 1286 1876 AEthiopum]
1319 1834 1506 1865 Attestatio

802 1888 929 1919 ironica
957 1887 1156 1917 damnorum
1188 1891 1248 1917 aut
1294 1884 1505 1915 miseriarum

803 1937 1092 1977 sustinendarum,
1108 1937 1135 1967 si
1152 1935 1347 1966 mentiatur.
1379 1934 1413 1963 Si
1427 1943 1506 1963 con-

803 1989 928 2019 sideres
945 1992 1071 2026 tamen,
1098 1986 1254 2026 ambigua
1279 1990 1354 2015 sunt
1373 1984 1506 2020 onmia3

804 2043 917 2080 potest
934 2038 1022 2068 enim
1039 2036 1138 2067 facile
1157 2046 1272 2067 carcre
1290 2034 1443 2065 omnibus
1460 2033 1508 2063 his

803 2088 976 2129 periculis,
1004 2087 1088 2117 locis
1114 2086 1310 2126 periculosis
1337 2084 1509 2114 anstinen-

805 2139 858 2176 do,
872 2148 946 2179 quae
965 2137 1057 2167 adire
1074 2145 1171 2166 nemo
1185 2136 1277 2165 11111111
1295 2138 1414 2174 cogat;
1444 2142 1509 2163 nec

805 2189 893 2219 tanti
911 2188 1038 2217 crimen
1067 2185 1157 2216 istud
1183 2190 1219 2215 ut
1239 2189 1425 2224 propterea
1442 2182 1510 2213 exi·

805 2239 885 2269 lium
901 2243 1051 2268 metuere
1072 2235 1235 2276 potuerit.
1260 2234 1355 2264 Idem.

848 2292 867 2320 2
892 2287 1038 2328 Scythico
1069 2285 1124 2316 sub
1158 2286 1250 2326 Jove]
1290 2283 1357 2315 Ubi
1392 2291 1510 2323 perpe·

807 2345 900 2370 tuum
913 2338 1030 2378 frigus,
1040 2337 1149 2368 hieme
1164 2345 1242 2366 vero
1255 2334 1511 2366 internecinum.

808 2391 907 2421 Idem.

852 2443 870 2471 3
895 2439 949 2471 Si«.-
975 2449 1035 2469 non
1061 2436 1268 2476 imbriferam]
1316 2434 1441 2475 Scripti
1458 2434 1515 2463 im·

810 2491 945 2529 briferis,
963 2495 1109 2529 excepto
1128 2488 1225 2528 prim.
1243 2486 1355 2517 Vatic.
1381 2491 1416 2516 et
1434 2485 1511 2515 Am-

811 2543 902 2573 bros.
936 2541 1048 2572 malim
1087 2539 1195 2570 nubem
1224 2537 1412 2569 ducentibus.
1466 2535 1510 2565 D.

813 2592 931 2622 Heius.

855 2642 986 2672 Noctem
1001 2640 1180 2671 ducentibus
1192 2638 1304 2679 hoedis]
1322 2635 1423 2669 Hoedi
1440 2634 1511 2674 plu-

811 2692 897 2723 viale
911 2691 1014 2723 sidus.
1061 2689 1177 2721 Barth.
