1763 3116
218 121 264 150 rs
303 120 649 151 mucrornsscis
684 121 848 152 nm‘rr.
883 123 1302 157 Assmzvfxronmr.
1364 120 1476 161 1773

22 217 132 265 legio
171 216 481 259 Greshamensi
516 218 634 270 apud
670 218 985 261 Londinenses.
1047 221 1129 261 Isti
1161 222 1362 273 Codices,
1399 241 1475 268 nu-

23 296 142 323 mero
165 298 297 337 quam
319 284 508 337 plurimi,
540 298 725 337 quorum
760 286 883 326 multi
917 288 1099 340 pretiosi
1129 293 1171 329 ct
1197 291 1393 339 classici,
1419 297 1473 334 ab

21 349 103 390 hoc
144 351 313 392 cimelio
334 351 466 403 longo
490 352 586 405 jam
616 357 825 406 tempore,
848 359 897 395 ut
926 354 1022 407 jam
1045 356 1281 398 indicatum
1302 364 1381 409 est,
1414 375 1478 401 se-

15 417 171 470 juncti,
197 418 317 458 libris
339 421 506 459 tantum
536 420 769 473 impressis
802 422 963 463 ibidem
994 426 1249 476 reservatis,
1286 427 1329 468 in
1352 427 1476 468 Mus-

19 496 72 523 eo
101 485 355 525 Britannico
392 499 506 526 nunc
528 492 724 528 restant:
770 493 815 529 et
836 490 1018 531 eundem
1042 493 1085 532 in
1121 506 1200 534 suo
1238 495 1338 536 loco
1370 496 1477 538 inter

19 548 162 590 Musei
187 551 427 593 Britannici
453 553 642 595 Codices
667 568 802 609 supra
823 556 1150 612 descripsimus.

524 694 658 737 Cocles
693 696 971 753 vigorniensis.

71 799 349 844 Bibliotheca
371 804 584 847 Ecclesiae
617 807 896 850 Cathedralis
918 812 1035 865 apud
1056 812 1365 865 Vigornienses
1388 814 1474 857 Co-

13 867 156 908 dicem
179 871 406 923 antiquum
427 877 556 922 tenet,
579 876 670 928 qui,
693 890 790 916 cum
823 879 936 927 aliis,
972 881 1110 920 multa
1137 882 1324 923 classica
1355 897 1473 926 com-

12 935 229 988 plectitur,
252 937 364 977 intcr
391 952 492 991 qua}
517 941 749 983 Claudiani
784 957 964 985 carmen
999 949 1229 988 memorari
1260 950 1388 991 debet
1420 952 1473 992 de

12 1000 163 1055 Rapta
190 1003 484 1059 Proscrpinae,
507 1012 549 1049 et
567 1014 803 1063 propterea
833 1012 902 1052 hic
936 1013 1022 1053 loci
1059 1014 1216 1056 iterum
1250 1018 1472 1060 notandus

10 1072 77 1110 est
95 1071 237 1112 codex
258 1086 268 1123 ;
301 1074 468 1129 quippe
490 1077 673 1118 eundem
696 1079 884 1120 antehac
903 1079 1208 1124 indicavimus.

66 1397 296 1440 Hactenus
320 1400 373 1442 de
401 1400 632 1444 Claudiani
655 1404 897 1446 Codicibus
920 1408 961 1447 in
984 1409 1272 1453 Bibliothecis
1295 1414 1469 1457 Britan-

4 1463 143 1505 nicis:
192 1465 376 1507 lectores
414 1473 558 1510 autem
592 1484 767 1512 oramus
789 1472 834 1512 in
867 1476 1075 1516 memoria
1102 1481 1247 1520 tenere
1269 1483 1403 1535 quod,
1423 1485 1468 1524 ni

7 1530 209 1581 fallimur,
245 1547 321 1574 eos
336 1535 430 1588 jam
454 1537 557 1577 olim
589 1540 942 1592 submonuimus,
964 1557 1119 1597 nempe
1139 1547 1468 1591 observationes

7 1611 112 1652 quae
138 1602 349 1652 praesenti
370 1603 441 1643 vel
478 1605 567 1645 alio
604 1610 800 1660 tempore
834 1609 888 1649 de
924 1609 1166 1652 Codicibus
1201 1614 1469 1658 Britannicis

6 1665 323 1719 inquirentibus
341 1670 503 1711 oblatae
527 1678 639 1723 sunt,
670 1677 864 1727 publicis
886 1680 1051 1718 tantum
1074 1680 1263 1721 librariis
1285 1696 1383 1724 esse
1405 1698 1469 1725 re—

5 1732 220 1775 ferendas.
269 1734 449 1790 Quippe
470 1740 675 1792 publicae,
698 1746 742 1782 ut
763 1756 864 1796 quae
879 1745 994 1785 bono
1015 1747 1194 1798 publico
1215 1748 1465 1799 destinatae,

3 1799 227 1843 doctorum
250 1805 365 1853 usui,
388 1810 435 1846 ut
451 1820 563 1860 opus
584 1810 656 1858 sit,
680 1815 721 1851 et
754 1811 842 1851 loci
871 1813 940 1852 vel
973 1815 1182 1867 temporis
1212 1821 1468 1870 opportuni-

2 1871 113 1909 tates
137 1883 183 1910 se
206 1873 449 1924 praebeant,
484 1879 585 1915 sunt
618 1878 1024 1920 accommodandae.
1087 1881 1283 1923 Privatae
1306 1886 1465 1937 privati

3 1940 102 1976 sunt
115 1938 249 1990 juris;
281 1952 363 1979 non
377 1941 644 1993 quibuslibet
659 1944 879 1985 literarum
896 1947 1140 1999 privilegiis
1155 1950 1464 2003 subjiciendae,

0 2015 81 2043 nec
104 2004 159 2043 ad
181 2004 351 2046 libitum
375 2007 602 2059 adeundae,
627 2015 704 2052 aut
739 2016 894 2054 temere
936 2015 1233 2057 consulendae.
1296 2018 1344 2058 Si
1368 2020 1467 2072 quis

5 2069 137 2123 igitur
157 2071 316 2114 doctus
340 2075 448 2115 tales
471 2077 542 2116 vel
566 2077 747 2130 legendo
778 2082 888 2122 norit
919 2083 989 2122 vel
1019 2083 1116 2136 ipse
1153 2086 1393 2136 possideat,
1413 2099 1468 2128 ne

2 2149 97 2188 nos,
119 2139 299 2190 talibus,
323 2156 479 2197 nempe
500 2145 702 2198 privatis,
724 2149 805 2188 sub
826 2149 1000 2190 silentio
1024 2154 1269 2203 praeteritis,
1295 2155 1468 2195 incuset

2 2210 78 2245 aut
97 2207 369 2260 negligentiae
392 2211 461 2250 vel
484 2211 750 2264 ignorantiae.
813 2215 927 2265 Quae
948 2231 1035 2258 non
1068 2222 1203 2260 nostri
1233 2222 1291 2262 sit
1326 2222 1466 2262 inves-

0 2271 148 2324 tigare,
168 2288 253 2315 non
274 2277 417 2331 culpae
453 2283 520 2319 est
549 2281 758 2334 ignorare,
782 2286 823 2324 et
856 2285 901 2324 in
935 2285 989 2324 iis
1019 2289 1347 2339 perscrutandis
1365 2302 1464 2342 quae

2 2337 150 2381 forsan
186 2342 368 2384 inveniri
411 2359 497 2387 non
532 2355 732 2401 possunt,
784 2352 1074 2404 imprudentis
1117 2355 1229 2397 foret
1272 2358 1464 2397 animum

0 2405 130 2447 nimis
153 2409 393 2452 solicitare.
457 2414 544 2454 His
564 2429 667 2456 vero
688 2417 833 2467 dictis,
859 2419 919 2459 nil
952 2422 1166 2473 prohibet,
1191 2426 1225 2463 si
1249 2425 1352 2476 qnid
1374 2438 1465 2464 mo-

1 2474 134 2514 menti
158 2475 227 2515 vel
249 2478 480 2529 curiosius,
498 2483 630 2522 etiam
650 2485 812 2536 privati
842 2487 973 2540 juris,
991 2489 1250 2531 liberalitate
1271 2492 1464 2532 virorum

3 2538 236 2584 doctorum
257 2545 483 2599 inopinato
505 2562 551 2588 se
572 2551 699 2591 nobis
718 2553 884 2606 offerat,
907 2558 1145 2610 quominus
1174 2572 1272 2600 cum
1291 2559 1464 2601 lectori-

2 2606 86 2651 bus
106 2612 269 2652 nostris
288 2626 378 2654 rem
399 2616 790 2662 communicemus.
