1859 3148
316 151 426 193 1630

317 255 401 295 tingi
421 254 491 285 Ora
508 254 587 283 licet
604 251 787 292 iacrymis!
812 249 927 280 Barth.

357 308 395 335 51
423 304 594 334 Admovere
610 301 728 340 manus]
753 299 1009 339 supplicantum

315 363 386 384 mos
402 363 508 393 genua
527 354 733 389 contingere.
781 349 867 379 l'lin.
886 349 941 379 nh.
959 358 1008 381 xz.

315 414 390 444 cap.
410 408 460 435 -15,
475 403 560 443 quod
576 402 687 432 multis
706 400 786 430 lucis
801 399 1009 440 'l‘iraqnellus

315 454 347 484 in
380 453 607 484 Alexandrum
639 451 751 479 docet.
801 449 886 478 Vide
916 451 1007 479 Suet.

314 503 429 533 Tiber.
445 513 516 541 cap.
533 504 584 531 24.
601 500 718 530 Claud.
735 502 785 530 44.
803 500 891 539 quod
909 509 1007 540 quam

316 555 359 584 sit
377 553 547 592 antiquum
566 560 606 580 cx
624 551 774 580 Homero
788 555 896 590 patet,
911 550 1009 580 Iliad.

318 613 342 634 1.
359 606 431 634 407.
447 601 543 631 Iliad.
558 609 605 630 w.
619 601 724 639 princ.
749 601 847 631 Ratio
860 601 1011 640 pulcher-

315 653 397 682 rima
413 656 464 681 est
481 649 568 689 apud
588 649 764 689 Isidorum,
782 650 838 680 lib.
853 659 902 680 xr.
921 650 1008 690 quod

314 705 322 719 ⁴
338 701 380 732 ad
411 710 518 740 genua
558 700 723 739 prostrati
762 700 1009 739 lachrymantes

313 757 443 782 uterum
469 755 657 781 maternum
688 750 797 780 animo
828 753 1008 789 reputent;

312 811 387 832 nam
404 801 437 831 in
453 800 585 830 homine
597 798 773 830 formando
790 808 898 839 genua
915 799 1010 839 genis

313 850 464 882 haerent!

356 901 494 936 Quarum
522 899 576 930 sub
599 899 673 937 jure
701 903 843 930 tenentur
882 898 1010 938 Omnia]

311 951 392 991 Ipse
409 951 510 981 etiam
527 950 675 989 Jupiter.
702 949 817 980 Barth.

354 1004 394 1031 52
424 1000 569 1030 Fatorum
596 999 708 1038 pollice
736 996 864 1036 ducunt]
905 998 1012 1028 Fatali

313 1050 454 1090 Gyrald.
472 1054 507 1080 et
525 1059 600 1079 mox
623 1058 682 1088 pro
710 1049 811 1087 pensis
828 1049 952 1079 Moret.
976 1052 1011 1078 et

312 1100 438 1140 primus
456 1099 575 1129 Petav.
593 1108 668 1128 cum
695 1107 759 1128 uno
784 1098 1011 1135 Vatic.susis;

313 1156 349 1182 ut
367 1150 456 1190 apud
474 1151 569 1189 Virg.
594 1150 635 1180 de
654 1150 789 1180 Parcis:
815 1150 823 1165 ⁴
836 1149 931 1179 Talia
949 1160 1009 1179 sae-

313 1202 365 1231 vla
394 1202 462 1232 suis
493 1200 653 1230 dixerunt
679 1199 807 1230 currite
837 1198 939 1229 fusis!
966 1199 1010 1229 D.

313 1251 426 1281 Heius.

354 1304 394 1332 53
420 1298 576 1338 Ferratis]
600 1298 654 1328 Ol)
668 1298 906 1328 necessitatem
922 1296 1009 1327 fato·

312 1361 395 1382 rum.
440 1349 571 1379 Aurata
586 1353 697 1378 autem
714 1357 818 1387 pensa
835 1346 936 1377 rebus
955 1347 1009 1376 lae-

311 1400 458 1432 tioribus.
482 1398 599 1429 Barth.

352 1454 391 1480 55
419 1449 542 1488 Noctis]
564 1446 807 1485 Tenebrarum,
819 1446 938 1484 noctis,
954 1446 1008 1477 In-

310 1498 464 1530 ferorum.
509 1497 683 1538 Virgilius,
704 1494 762 1527 lib.
780 1505 814 1526 x.
838 1498 846 1513 ‘
861 1496 894 1525 in
911 1500 1008 1526 aeter-

309 1559 386 1580 nam
402 1549 606 1580 clauduntur
620 1547 742 1577 lumina
757 1545 913 1576 noctem)

354 1602 465 1632 Noctis
478 1599 610 1638 arbiter]
635 1599 750 1629 Pluto.
777 1597 892 1628 Barth.

350 1653 391 1681 57
419 1650 526 1680 Finem
552 1649 669 1678 cunctis
691 1652 720 1678 et
741 1648 857 1677 semina
872 1646 1006 1686 proebes]

309 1701 361 1731 Ex
387 1699 542 1730 doctrina
564 1698 735 1729 veterrimi
761 1697 846 1726 illius
874 1696 1008 1736 Mnsaei,

309 1750 366 1791 qui
392 1750 547 1790 princeps
575 1749 675 1779 scivit
703 1747 743 1778 ab
760 1747 877 1778 eodem
895 1747 1007 1777 omnia

310 1799 491 1840 proficisci,
507 1804 542 1830 et
568 1799 600 1829 in
628 1798 716 1829 idem
744 1797 855 1828 omnia
873 1797 1005 1827 resolvi.

308 1849 405 1880 Idem.

350 1902 391 1929 58
418 1898 629 1938 Nascendique
652 1896 746 1936 vices]
769 1895 856 1926 Vide
881 1897 1004 1927 Lucre-

308 1949 404 1985 tium,
421 1948 477 1978 lib.
502 1958 525 1979 1.
553 1953 588 1978 et
605 1956 661 1977 ιιι.
688 1946 864 1977 Aristotel.
891 1946 946 1977 lib.
963 1946 1004 1976 de

308 1998 397 2028 Ortu
411 2002 444 2027 et
459 1997 613 2027 Interitu.
639 1997 734 2027 Idem.

349 2050 390 2076 59
416 2048 477 2081 Qui
492 2047 589 2077 vitam
606 2047 777 2086 lethumque
794 2046 890 2085 regis]
918 2044 1004 2075 Srris

307 2096 433 2136 primus
460 2096 577 2126 l’etav.
605 2096 790 2134 eleganter.
827 2095 928 2124 Statii
957 2095 1003 2124 sni

308 2146 364 2176 illa
380 2145 435 2175 lib.
463 2153 544 2175 vui.
573 2145 733 2184 respexit,
759 2146 767 2160 ⁴
788 2144 871 2174 Fata
886 2149 1004 2174 serunt

307 2195 450 2233 animas,
476 2200 511 2225 et
539 2195 656 2225 eodem
675 2195 795 2234 pollice
813 2194 971 2224 damnant
986 2195 1004 2224 z'

307 2250 342 2277 et
358 2255 435 2276 mox
460 2245 530 2282 illa,
555 2244 609 2274 ubi
638 2244 859 2284 Amphiaraus
884 2244 925 2274 ad
943 2244 1003 2274 Di-

308 2301 392 2327 tem:
408 2297 416 2311 ⁴
427 2305 446 2325 o
457 2295 587 2325 cunctis
600 2294 713 2325 finitor
727 2295 868 2324 maxime
882 2304 1004 2334 rerum,

308 2344 354 2376 At
369 2345 461 2382 mihi,
473 2345 527 2385 qui
543 2345 708 2385 quondam
724 2355 841 2375 causas
858 2345 1003 2375 elemen-

305 2401 407 2437 taque
419 2405 547 2434 noram,
567 2397 607 2426 Et
622 2395 735 2426 sator!
768 2396 871 2427 sanus
887 2405 905 2425 a
921 2396 1004 2435 Sep-

306 2446 400 2476 timio
431 2445 517 2485 apud
548 2446 784 2476 Terentianum
817 2445 859 2475 tle
886 2445 1004 2475 metris

307 2497 315 2512 ⁴
327 2499 423 2527 catus
436 2505 545 2526 rerum
556 2495 669 2526 sator.'
693 2497 701 2511 ⁴
719 2495 898 2525 Hominum
912 2500 1003 2525 sator

306 2550 407 2586 atque
435 2545 590 2575 deorum’
619 2546 756 2585 Jupiter
781 2545 937 2582 Virgilio,
968 2549 1003 2574 et

306 2597 314 2611 ¹
329 2594 441 2625 divum
466 2594 569 2624 sator’
587 2594 712 2633 Statio,
729 2598 764 2625 et
786 2596 794 2610 ⁴
808 2594 868 2624 mvi
890 2593 998 2623 sator'

304 2643 386 2674 Silio
402 2644 531 2674 Italico.
575 2645 583 2660 ⁴
599 2644 654 2675 Sol
676 2644 760 2675 lucis
784 2644 891 2675 sator'
910 2643 1001 2675 Ruso

304 2693 469 2732 Aviceno‚
491 2695 500 2711 ‘
515 2694 601 2727 aries
618 2695 729 2727 ovium
755 2693 861 2726 sator’
888 2695 920 2726 in
938 2695 1002 2726 Ca·

503 161 644 191 NOTAE
680 157 939 188 VARIORUM
975 157 1024 186 ΙΝ
1059 157 1133 186 CL·
1167 156 1346 186 CLAUD.
1380 155 1574 185 xxxin.

1063 250 1194 280 talentis
1212 250 1349 280 Pithoni.
1374 248 1559 287 Arnobius,
1584 247 1671 279 libro
1696 249 1762 288 pri-

1063 310 1128 337 mo,
1145 299 1186 330 de
1205 300 1277 330 Deo
1296 311 1302 330 ;
1327 301 1335 315 ‘
1351 300 1428 338 lpse
1451 303 1504 329 est
1520 298 1606 328 enini
1622 297 1695 328 fons
1712 307 1762 328 re-

1062 359 1148 387 rum,
1165 355 1257 380 sator
1273 350 1471 379 saeculorum
1495 358 1532 378 ac
1552 347 1763 387 temporum!

1063 400 1167 430 Paulo
1185 405 1259 439 post
1272 401 1406 439 certique
1422 400 1546 429 malim.
1568 399 1610 429 D.
1630 398 1740 429 Heius.

1103 453 1144 480 60
1170 450 1285 488 (iignit
1302 450 1461 489 materies]
1483 447 1563 485 ’Ὓλη
1580 449 1648 487 illa,
1661 457 1761 488 quam

1063 500 1761 540 nunquamdeficientem,mqua‘vammun·

1062 549 1104 579 (lo
1122 550 1337 580 commentati
1354 554 1442 579 sunt.
1475 548 1589 579 Barth.

1104 601 1141 628 61
1170 599 1272 628 Certis
1287 598 1467 637 ambagibus
1482 598 1555 637 mvi]
1592 597 1688 627 Mille
1705 605 1760 626 an-

1062 657 1119 677 nos
1136 647 1256 678 definit
1273 647 1432 677 Claudius
1457 651 1573 677 noster
1595 647 1652 677 lib.
1669 655 1708 676 ιι.
1727 646 1761 676 in

1063 696 1234 734 Rufinum,
1251 702 1388 728 secutus
1410 697 1603 736 Virgilium.
1649 696 1762 726 Amba·

1059 756 1114 785 ges
1130 750 1206 777 sunt
1225 747 1271 777 illi
1286 746 1396 777 abitus
1411 745 1606 786 reditusque
1622 745 1654 775 in
1672 745 1760 776 idem

1062 797 1251 828 venientes.
1276 797 1376 827 Idem.

1104 850 1145 877 62
1169 846 1292 877 Auimoe
1307 849 1470 876 mutantur
1495 845 1526 875 in
1547 844 1650 885 artus]
1675 844 1762 876 Haeo

1062 906 1142 927 vera
1172 896 1287 934 lectio,
1314 906 1413 937 quam
1445 896 1562 936 primae
1594 895 1761 926 editiones

1062 950 1249 986 agnoscunt
1276 952 1309 976 et
1329 945 1484 976 meliores
1504 945 1635 984 scripti.
1667 945 1759 975 Male

1062 1007 1102 1027 ex
1117 1007 1175 1027 suo
1192 996 1279 1026 libro
1296 996 1470 1026 Claverius
1486 995 1652 1025 mittuntur
1666 995 1697 1025 in
1713 1005 1760 1025 or·

1061 1051 1121 1078 tus.
1154 1047 1398 1087 Μετεμψύχωσιν
1422 1047 1682 1087 Pytliagoiicam
1711 1055 1760 1076 re-

1062 1099 1187 1138 spexit,
1204 1099 1348 1129 Statium
1365 1108 1458 1128 suum
1475 1098 1584 1127 denuo
1598 1097 1761 1135 imitatus,

1062 1148 1117 1188 qui
1134 1148 1237 1179 Theb.
1266 1157 1327 1178 vn.
1350 1148 1359 1163 ⁴
1373 1148 1531 1186 pigetque
1547 1146 1610 1175 Tot
1627 1149 1760 1176 mutare

1061 1199 1199 1235 animam,
1231 1204 1282 1229 tot
1314 1199 1455 1228 reddere
1486 1206 1632 1236 corpora
1658 1196 1759 1228 vitae.’

1061 1249 1270 1288 Pythagoras
1288 1249 1358 1287 ipse
1377 1247 1465 1287 apud
1495 1246 1670 1285 Ovidium,
1686 1247 1759 1277 Me-

1061 1302 1140 1328 tam.
1158 1307 1217 1328 xv.
1242 1300 1251 1315 ⁴
1265 1298 1390 1328 Omnia
1406 1302 1591 1335 mutantur,
1615 1297 1696 1327 nihil
1713 1297 1760 1327 in-

1060 1347 1161 1378 terit!

1061 1397 1236 1437 conjunxit
1249 1397 1410 1428 AEneidos
1427 1402 1570 1438 quarm:
1595 1398 1603 1413 ⁴
1620 1398 1664 1428 Et
1681 1407 1758 1428 cum

1059 1445 1183 1485 frigida
1204 1456 1292 1477 mors
1315 1448 1424 1477 anima
1451 1447 1624 1478 seduxerit
1641 1446 1758 1478 artus!

1059 1497 1141 1526 Mox
1170 1497 1317 1527 ibidem:
1340 1497 1348 1512 ⁴
1364 1497 1450 1528 Quae
1480 1498 1662 1528 luctantem
1692 1497 1760 1527 ani-

1059 1556 1146 1576 mam
1163 1555 1333 1587 nexosque
1363 1547 1549 1577 resolveret
1572 1547 1689 1577 artus.'
1714 1547 1758 1578 D.

1058 1596 1169 1626 Heius.

1100 1649 1140 1677 63
1166 1646 1274 1686 Pacis]
1300 1646 1457 1677 Amorem
1476 1651 1574 1677 vocat
1598 1655 1646 1677 ιν.
1671 1647 1756 1677 Con-

1057 1697 1118 1726 sul.
1133 1696 1261 1726 Honor.
1285 1698 1361 1728 Quo
1379 1696 1534 1736 amplexa
1549 1706 1584 1726 se
1602 1705 1662 1736 per
1680 1706 1756 1727 suas

1057 1751 1171 1785 partes
1190 1746 1337 1776 universi
1365 1746 1459 1776 istius
1486 1751 1608 1777 catena
1625 1755 1756 1777 conser-

1056 1801 1112 1826 vat
1131 1800 1280 1826 tenorem
1299 1806 1404 1827 suum.
1427 1797 1545 1827 Barth.

1097 1848 1137 1876 64
1164 1846 1314 1885 Not-itque
1351 1846 1445 1886 colus]
1496 1848 1611 1878 Nostra
1641 1848 1756 1879 dicere

1056 1896 1138 1934 vult,
1157 1896 1245 1936 quod
1273 1897 1449 1936 eleganter
1477 1898 1754 1939 subintelligitur.

1055 1945 1150 1976 Idem.

1097 1998 1136 2025 65
1164 1996 1258 2025 Civili
1285 2001 1425 2027 com-erte
1453 1997 1541 2038 tuba]
1581 1998 1659 2029 Hoc
1690 2003 1755 2037 est,

1054 2049 1155 2074 muta.
1203 2045 1262 2075 Vir
1290 2047 1454 2077 maximus
1473 2048 1505 2078 in
1530 2058 1588 2079 ora
1610 2048 1685 2079 libri
1703 2050 1753 2080 sui

1052 2094 1203 2129 c0711·etle;
1226 2104 1415 2135 perperam.
1441 2098 1548 2137 Epist.
1565 2098 1606 2128 ad
1631 2098 1754 2139 Olybr.

1051 2144 1242 2175 ‘Canescet
1275 2146 1407 2177 Geticis
1432 2148 1550 2178 Meroe
1589 2158 1753 2179 conversa

1054 2195 1180 2233 pruinis
1194 2195 1212 2225 ε’
1236 2195 1291 2225 ubi
1306 2195 1429 2226 frustra
1447 2198 1565 2235 legunt
1581 2208 1754 2237 conspersa.

1052 2244 1085 2274 Si
1101 2244 1178 2284 quid
1193 2245 1402 2284 mutandum,
1418 2247 1584 2285 committe,
1601 2257 1676 2277 cum
1694 2247 1752 2277 tri-

1053 2294 1112 2324 bus
1144 2295 1310 2325 Mediceis
1342 2301 1376 2326 et
1407 2296 1521 2326 codice
1549 2297 1751 2336 Bartholini,

1053 2344 1229 2384 corrigam.
1290 2345 1370 2375 Mox
1399 2355 1458 2385 pro
1488 2347 1611 2376 incestis
1638 2347 1748 2378 Vatic-

1053 2394 1176 2433 Isingr.
1203 2400 1237 2424 et
1266 2401 1410 2435 quatuor
1435 2397 1489 2426 alii
1516 2397 1657 2427 illicitas:
1683 2407 1749 2428 non

1053 2454 1186 2484 sequor.
1211 2445 1253 2475 D.
1273 2445 1382 2475 Heius.

1097 2494 1262 2533 Conrerte]
1288 2495 1327 2525 ld
1343 2500 1403 2535 est,
1421 2496 1557 2528 Everte.

1092 2549 1134 2576 66
1158 2546 1302 2585 Incestis]
1367 2547 1524 2587 lmpuris,
1563 2547 1746 2579 sceleratis.

1050 2596 1167 2627 Barth.

1092 2649 1130 2676 67
1159 2647 1254 2677 Posce
1290 2647 1414 2686 Jorcm]
1469 2647 1605 2678 Atrocis
1643 2645 1745 2677 animi

1051 2706 1228 2738 personam
1246 2697 1348 2729 habet
1372 2698 1487 2739 Pluto,
1512 2697 1568 2739 qui
1586 2697 1673 2731 bello
1689 2706 1747 2738 po-

1204 1347 1334 1378 Animas
1365 1352 1400 1378 et
1427 1350 1517 1377 artus
1540 1347 1639 1378 Maro
1657 1348 1758 1378 etiam
