1859 3148
351 187 463 232 1492

395 299 455 326 355
483 292 618 333 Morbis]
646 290 814 329 Ambigua
842 287 947 318 etiam
976 295 1054 322 vox,

352 347 495 377 alterum
519 341 716 384 perstringit
742 338 886 375 libidini,
910 337 1054 367 alterum

353 397 441 437 gulae
460 393 617 426 curandis
634 390 795 422 artifices.
824 387 941 418 Barth.

396 449 458 476 356
485 443 585 475 Obmi
607 440 722 480 subito]
755 438 881 470 Summi
905 435 1054 476 stuporis

354 500 405 527 est
434 492 652 535 praesentium
677 488 936 529 urgentinmque
953 494 1056 524 nego-

355 546 477 576 tiorum
503 543 536 573 in
555 542 628 581 ipsa
644 548 761 570 eorum
779 536 981 569 tractatione
997 535 1055 566 ob-

356 594 478 626 livisci.
504 593 602 623 Idem.

398 644 555 683 Bellisque
590 639 723 678 relictis]
771 638 916 676 Bellaque
949 635 1057 665 relicto

354 694 473 734 scripti
488 692 653 733 plerique.
678 690 722 720 D.
739 687 850 719 IIez'ns.

399 748 462 776 359
474 744 554 779 Quis
566 743 672 773 melius
682 740 803 770 vibrata
818 746 894 777 puer·
906 735 1058 773 vertigine

355 796 442 826 molli
469 794 610 824 Membra
635 792 736 824 rom,-
757 789 861 818 vertat
887 784 955 824 quis
977 793 1058 813 mar-

356 854 442 875 mora
456 843 541 873 crine
567 840 690 880 supino]
714 837 815 868 Licet
840 834 896 863 alii
924 841 990 862 non
1015 832 1058 861 de

355 893 460 931 disco,
475 891 534 922 sed
553 890 594 919 de
621 885 742 927 puerili
769 882 913 925 quodam
929 880 1059 911 exerci-

356 946 508 974 tamento
524 937 668 977 intelligi
683 944 813 966 versum
827 934 915 963 hunc
931 932 1059 968 velint;

359 1003 427 1034 quo
444 992 490 1022 illi
510 989 654 1030 pedibus
669 987 701 1017 in
718 986 823 1015 altum
839 981 991 1019 sublatis,
1008 990 1060 1010 ca-

358 1047 420 1083 put
437 1042 470 1072 in
492 1045 618 1071 terram
642 1035 870 1071 dimittebant,
893 1037 928 1063 et
943 1032 1061 1071 legunt

358 1103 401 1124 ex
429 1091 496 1122 fide
524 1090 608 1120 Mss.
637 1086 813 1119 codicum:
853 1083 965 1114 Verrat
995 1081 1063 1121 quis

357 1150 511 1173 marmora
525 1141 608 1170 crine
622 1134 752 1177 supino?
777 1134 975 1172 Dempstcr.

409 1183 570 1222 Verligine
600 1180 698 1220 molli]
746 1178 824 1209 Non
856 1174 1064 1205 obhaerentc.

360 1235 481 1266 Mollia
498 1234 584 1265 euim
608 1232 720 1264 onmia
749 1239 823 1271 quae
852 1226 950 1258 facile
978 1223 1065 1255 fiunt

357 1284 593 1324 scriptoribus.

404 1337 466 1365 360
495 1334 604 1365 Vertat
635 1332 702 1373 quis
731 1327 899 1367 vmrmora]
957 1327 1065 1356 Verrat

359 1385 568 1416 membranae
585 1383 772 1418 nonnullae;
801 1378 889 1419 quod
907 1376 980 1407 aliis
991 1376 1064 1415 jam

361 1436 610 1477 deprehensum
625 1445 632 1463 ι
658 1433 743 1462 crine
757 1431 855 1460 soluto
877 1436 942 1457 nou
957 1425 1066 1464 supino

360 1485 539 1517 Palatinus
555 1493 562 1513 :
603 1479 760 1521 sequenti
801 1487 898 1507 versu
934 1473 1066 1506 Inferum

359 1545 450 1566 arcus
463 1543 528 1564 non
545 1535 633 1563 artus
647 1540 722 1560 cum
747 1526 910 1558 tredecim
927 1523 1065 1563 scriptis

361 1583 556 1625 legendum.
598 1581 674 1611 Val.
690 1579 832 1609 Flaccus
856 1585 904 1606 ιν.
927 1573 1065 1604 ‘vitalia

361 1635 454 1675 rupit
473 1632 628 1669 Vincula,
642 1639 708 1670 qua
720 1628 828 1669 primo
846 1625 962 1656 cervix
979 1633 1064 1654 com-

362 1683 512 1715 mittitur
527 1691 605 1712 arcu
621 1681 639 1711 :’
665 1681 726 1710 lioc
741 1683 792 1710 est
807 1677 922 1718 primae
936 1680 1063 1712 costae3

365 1734 416 1766 sic
435 1733 548 1764 scribo
564 1743 571 1762 ε
597 1731 696 1771 vulgo
714 1733 796 1761 artu.
834 1729 917 1759 Mox
936 1726 1066 1758 motibus

363 1793 425 1825 pro
451 1782 584 1812 moribus
610 1779 887 1820 Raplielengius:
915 1776 1065 1816 optime;

363 1831 564 1864 confirmant
590 1829 807 1861 Lovaniensis
832 1832 867 1858 et
891 1827 1067 1856 Puteanea

364 1887 549 1922 excerpta:
575 1881 622 1911 sic
640 1883 737 1910 motus
765 1879 861 1909 Iouini
891 1887 950 1917 pro
967 1877 1068 1906 salta-

364 1932 512 1964 tionibus
548 1931 711 1962 Horatio:
747 1933 783 1960 et
820 1929 852 1959 in
889 1926 1069 1957 catalenus

365 1981 503 2018 I’imoei,
516 1980 680 2021 Epicedio
697 1978 794 2010 Mimi
810 1989 817 2008 z
835 1980 843 1994 ‘
862 1976 1015 2008 Motibus
1029 1985 1068 2005 ac

364 2032 476 2071 dictis,
487 2031 615 2071 tragica
626 2039 759 2071 quoque
770 2038 850 2059 voce
864 2026 1036 2068 placebam
1049 2025 1068 2057 ι’

367 2087 402 2113 et
417 2083 495 2113 alibi
522 2082 562 2112 de
583 2082 689 2112 Mimo
707 2092 713 2110 :
738 2081 747 2097 ⁴
768 2080 854 2110 Nam
870 2087 945 2108 cum
972 2081 1070 2116 grata

367 2134 489 2165 chorus
506 2131 666 2163 diffundit
693 2130 827 2161 cantica
846 2128 966 2167 dulcis,
985 2128 1068 2159 Quae

367 2188 504 2214 resonat
521 2187 651 2220 cantor,
664 2180 812 2211 motibus
829 2180 898 2219 ipse
912 2177 1034 2218 probat
1049 2177 1069 2207 2’

368 2233 455 2264 bene
473 2233 573 2264 etiam
601 2233 689 2262 idem
717 2230 967 2271 Raplielengius
981 2229 1070 2259 choro

369 2292 431 2322 pro
449 2282 537 2312 thoro
550 2294 559 2312 :
585 2286 687 2322 atque
702 2281 749 2311 ita
766 2280 854 2310 libri.
879 2280 923 2310 D.
942 2279 1055 2309 Heius.

418 2333 509 2363 Velut
548 2333 615 2372 quis
649 2341 801 2362 marmora
834 2331 917 2360 crine
946 2328 1070 2369 supino]

370 2383 551 2421 Marmora,
567 2383 693 2413 discum
711 2390 943 2412 marmoreum.
968 2379 1070 2409 Crine

369 2433 505 2473 supino,
518 2443 558 2462 ex
576 2433 674 2463 Hom.
692 2433 818 2472 ωαψς.
837 2435 873 2460 Θ.
898 2430 959 2466 Τὴν
970 2428 1071 2469 ἕτερος

370 2481 520 2521 ῥίπτασκε
543 2482 615 2512 ποτὶ
637 2481 731 2521 νέφεα
760 2480 903 2511 σκιόεντα
927 2479 1072 2509 Ἱδνωθεὶς

371 2531 477 2563 ὀπίσω.
502 2533 602 2563 Brml.

420 2583 530 2613 Verral
559 2583 627 2622 quis
655 2591 805 2611 marmora
841 2580 923 2610 crine
950 2579 1071 2619 supino]

375 2632 500 2672 Capite
529 2642 591 2672 per
622 2632 785 2671 impactos
813 2631 884 2659 solo
924 2630 1070 2659 lacertos

374 2682 533 2722 trajecto,
547 2692 611 2723 quo
629 2682 726 2712 modo
741 2686 946 2711 comatorum
961 2680 1070 2709 lustri-

375 2742 475 2764 onum
498 2732 610 2772 capilli
627 2731 731 2762 solum
751 2734 899 2770 tergunt.
947 2729 1072 2760 Hodie-

376 2792 439 2823 que
452 2783 561 2814 ubivis
576 2782 727 2823 gentium
740 2781 865 2814 multos
879 2779 1071 2820 hujusmodi

592 197 731 229 NOTAE
766 193 1028 225 VARmRUM
1063 191 1112 222 IN
1147 191 1219 220 CL.
1253 188 1435 219 GLAUD.
1469 186 1559 216 XX.

1107 292 1243 314 exosses
1255 282 1432 312 saltatores
1446 278 1610 316 videmus,
1620 275 1688 317 qui,
1703 276 1811 308 mani-

1107 334 1167 364 bus
1185 335 1216 363 in
1235 338 1359 363 terram
1376 329 1460 368 nixi,
1486 329 1540 359 vix
1566 327 1654 358 elabi
1671 325 1808 356 videan-

1110 389 1164 414 tur
1180 383 1300 423 capitis
1322 380 1552 417 afflictionem,
1578 377 1657 407 dum
1680 385 1715 405 se
1733 374 1810 406 sub-

1103 434 1229 473 jiciunt
1258 432 1334 470 sibi,
1361 437 1395 461 et
1426 431 1459 460 in
1484 438 1531 467 se,
1558 427 1637 458 orbe
1664 425 1809 466 quodam

1108 483 1265 522 mirifico,
1291 479 1478 518 convoluti,
1501 484 1537 509 et
1557 487 1634 508 mox
1652 476 1710 506 illo
1733 484 1811 505 evo-

1111 535 1185 574 luti,
1200 533 1317 564 ultima
1331 531 1447 572 primis
1461 527 1676 568 trajiciendo,
1693 526 1726 556 in
1743 534 1812 555 ma-

1110 595 1212 615 nuum
1226 583 1366 623 vestigia
1377 580 1518 622 pedibus
1530 577 1686 614 redeunt,
1700 576 1732 606 in
1745 584 1813 605 ma-

1110 644 1171 664 nus
1186 642 1316 664 rursum
1334 630 1476 662 elevatis
1491 632 1526 659 et
1543 628 1575 657 in
1593 626 1709 657 orbem
1725 629 1814 655 rota-

1111 684 1154 714 tis
1173 683 1256 721 istis,
1284 687 1321 712 ut
1346 684 1512 721 perpetuo
1537 676 1681 718 quodam
1709 674 1812 715 globo

1111 736 1320 773 praetereant
1337 740 1423 768 sese,
1446 733 1480 759 et
1497 732 1569 759 toto
1588 734 1728 765 corpore
1746 723 1814 754 vol-

1111 787 1234 812 vantur
1265 782 1297 811 in
1335 779 1461 816 aerem,
1500 774 1696 815 excipiendi
1724 782 1814 804 nunc

1110 839 1267 860 manuum
1284 828 1408 865 denuo,
1434 835 1522 856 nunc
1549 825 1670 854 iterum
1688 823 1813 863 pedum

1112 879 1282 911 subsidiis.
1313 877 1430 908 Barth.

1155 933 1216 960 361
1245 929 1312 959 Nec
1338 929 1410 958 dum
1433 925 1593 956 commissa
1605 925 1695 955 choro
1710 926 1816 954 canta-

1111 983 1162 1010 tur
1177 978 1301 1017 Agave]
1324 978 1419 1009 Citra
1434 976 1592 1015 ambages
1610 974 1816 1005 Claudianus

1113 1038 1233 1060 novam
1259 1032 1294 1058 ct
1322 1027 1467 1057 nondum
1490 1035 1593 1056 scena
1620 1024 1814 1055 traductam

1114 1079 1260 1110 fabulam
1279 1077 1454 1117 intelligit,
1471 1086 1570 1117 qnam
1589 1076 1736 1106 recitent
1759 1074 1817 1105 isti

1115 1131 1149 1161 iu
1165 1130 1308 1161 concilio
1334 1128 1461 1167 maguis
1488 1125 1649 1157 derebus
1673 1124 1816 1166 agundis

1117 1184 1315 1212 convocato.
1339 1179 1436 1208 Idem.

1160 1233 1222 1261 366
1249 1231 1338 1260 Nunc
1362 1229 1439 1258 alins
1469 1236 1624 1257 armorum
1647 1225 1819 1256 incumbere

1117 1278 1220 1318 curus]
1240 1280 1330 1310 Altus
1345 1288 1434 1308 curus
1459 1278 1535 1307 olim
1557 1276 1734 1316 legebam:
1761 1285 1819 1316 po-

1119 1334 1185 1360 test
1203 1333 1237 1360 et
1252 1330 1391 1368 vulgata
1407 1328 1501 1366 t'erri,
1524 1332 1561 1357 ut
1577 1335 1744 1357 armorum
1762 1335 1819 1356 cu-

1119 1389 1171 1409 ras
1188 1379 1277 1408 curis
1290 1378 1431 1408 scenicis
1446 1381 1606 1416 opponat.
1631 1377 1675 1407 D.
1693 1376 1806 1406 Heius.

1160 1429 1222 1457 367
1249 1426 1358 1465 Cingi]
1383 1425 1547 1457 Militaria
1570 1425 1682 1456 omnia
1707 1425 1822 1457 munia

1117 1478 1221 1508 obire.
1246 1476 1362 1506 Barth.

1159 1529 1222 1557 368
1245 1525 1432 1564 Subsistere]
1455 1524 1527 1564 2Cui
1554 1525 1742 1556 innitantur
1773 1525 1820 1555 ni-

1116 1576 1237 1606 mirum
1264 1575 1331 1606 illa.
1356 1574 1534 1614 Apuleius,
1559 1575 1615 1605 lib.
1641 1584 1696 1605 111.
1720 1576 1727 1590 ‘
1745 1576 1820 1606 Nec

1116 1627 1179 1657 boc
1196 1625 1322 1657 factum
1350 1629 1448 1665 putes
1476 1625 1545 1656 ulla
1572 1624 1823 1663 benevolentia,

1116 1677 1174 1707 sed
1194 1681 1230 1706 ut
1247 1676 1277 1706 ei
1291 1674 1444 1705 redeunti
1460 1673 1592 1704 medela
1606 1673 1731 1704 salubri
1745 1683 1822 1714 pos-

1117 1737 1185 1757 sem
1200 1723 1406 1756 subsistere!
1423 1725 1551 1754 Versus
1566 1724 1622 1764 qui
1636 1728 1823 1765 sequuntur

1118 1777 1222 1807 divini
1240 1781 1331 1813 suut,
1348 1780 1384 1805 ut
1400 1779 1474 1806 tota
1500 1773 1715 1815 Antiquitate
1732 1775 1824 1805 illus-

1119 1828 1202 1859 trius
1219 1827 1260 1857 ad
1287 1826 1563 1857 similitudinibus
1588 1830 1623 1856 et
1649 1835 1824 1866 compara-

1120 1878 1269 1909 tionibus
1303 1887 1355 1907 res
1386 1876 1606 1906 illustrandas
1637 1876 1691 1906 vix
1718 1877 1823 1906 ullum

1119 1929 1184 1960 fuit
1197 1929 1380 1968 ingenium.
1407 1928 1505 1958 Idem.

1162 1983 1225 2010 376
1250 1977 1431 2018 Extemplo]
1457 1979 1505 2008 Ex
1526 1977 1720 2017 improviso.
1759 1978 1825 2008 Mi-

1121 2039 1157 2060 ra
1184 2029 1353 2068 emphasis
1384 2027 1562 2057 verborum
1591 2031 1625 2057 et
1643 2036 1766 2064 rerum,
1782 2026 1825 2057 ad

1121 2080 1358 2112 declarandam
1401 2084 1437 2110 ct
1477 2078 1718 2109 ostendendam
1753 2087 1823 2108 rem

1120 2135 1336 2171 pra‘scntem.
1363 2130 1459 2159 Idem.

1165 2183 1226 2210 377
1251 2178 1328 2218 Leo]
1378 2177 1520 2208 Po‘ctice
1548 2177 1620 2208 liaec
1651 2176 1751 2215 fingit
1782 2176 1824 2207 ad

1123 2230 1242 2269 dignos
1258 2227 1468 2267 Eutropiano
1493 2227 1694 2265 magistratu
1711 2225 1825 2255 minis-

1123 2285 1192 2311 tros
1216 2277 1410 2319 posteritati
1427 2276 1647 2307 exhibendos.
1694 2275 1781 2305 Nam
1807 2285 1825 2305 a

1123 2330 1234 2361 Gaine
1258 2329 1396 2358 missum
1421 2327 1506 2357 liunc
1535 2326 1713 2364 bominem,
1742 2325 1826 2355 licet

1123 2378 1315 2414 vecordem,
1339 2382 1373 2407 et
1401 2376 1511 2406 ventri
1529 2375 1695 2412 deditum,
1718 2373 1823 2405 offici-

1123 2441 1176 2460 um
1195 2439 1288 2459 suum
1316 2438 1381 2458 nou
1408 2427 1493 2457 male
1524 2426 1714 2465 expediisse
1733 2425 1826 2456 Zosi-

1122 2490 1208 2517 mus,
1224 2479 1441 2518 deletumque
1459 2487 1535 2507 cum
1553 2477 1621 2506 suis
1639 2476 1745 2515 copiis
1759 2486 1824 2507 non

1124 2529 1255 2569 ignavia
1273 2538 1344 2564 sua,
1375 2538 1438 2557 non
1464 2528 1589 2557 virtute
1621 2527 1742 2566 hostili,
1764 2527 1824 2557 sed

1124 2580 1200 2609 dolo
1226 2584 1260 2609 ct
1289 2577 1429 2618 pertidia
1473 2578 1603 2615 Gallus,
1633 2577 1689 2616 qui
1715 2577 1826 2608 omnia

1125 2630 1248 2670 agebat
1277 2629 1338 2659 lioc
1364 2630 1434 2657 solo
1463 2637 1567 2668 scopo
1591 2633 1627 2658 ut
1651 2632 1825 2659 everteret

1124 2679 1335 2718 Eutropium.
1363 2678 1458 2708 ldcm.

1165 2732 1227 2759 3:50
1251 2729 1332 2759 Acer
1349 2728 1380 2758 ιίι
1403 2727 1556 2767 absentes]
1588 2726 1762 2758 Thersites
1789 2731 1825 2757 ct

1122 2781 1277 2812 Drances
1291 2779 1487 2811 Poetarum.
1511 2779 1611 2810 Idem.
