1763 3116
412 163 458 193 [N
495 163 549 193 11.
579 161 716 192 CONS.
749 159 1078 189 STILICHONIS.

20 257 215 301 quindecim
246 257 396 298 Taygete.
443 256 536 295 Lego
559 254 719 294 Taygetae,

21 318 82 349 pro
99 308 284 348 Taygetiae,·
307 306 403 336 etsie
425 314 508 334 unus
529 303 716 334 Mediceus.

20 358 140 397 Stepli.
158 356 326 394 Ταΰγετον,
339 354 407 394 ὄρος
422 355 476 390 τῆς
491 354 669 389 Λακονικῆς·
680 353 718 383 τὸ

20 406 136 437 ἔθνικὸν
149 405 324 443 Ταϋγέτιος.
349 404 400 434 *ic
416 408 450 434 et
465 404 623 443 Virgilius
637 404 718 444 Tay-

16 458 144 496 getique
183 464 270 486 canes
312 453 447 484 videtur
496 453 622 484 dixisse
662 462 716 484 111.

21 507 147 546 Georg.
166 516 240 536 nam
254 505 389 535 Lacones
402 504 538 534 Servius
552 503 718 543 interpre-

19 560 122 587 tatur.
155 556 198 586 D.
219 556 329 585 Heius.

59 609 122 636 260
145 607 238 636 Casto
246 603 394 644 flumine]
419 604 475 635 Ob
490 609 604 635 notam
618 605 717 645 Spar-

17 660 171 688 tanarum
187 655 396 695 pudicitiam.
421 655 538 686 Barth.

60 709 119 738 261
148 707 232 741 Quas
254 706 319 745 nbi]
347 706 489 737 Lucens.
507 703 595 741 Has;
617 705 717 737 bene.

21 757 106 792 Quas
122 761 355 797 przecesserat.
380 756 422 786 D.
441 756 548 786 Heius.

62 810 124 837 266
161 807 208 837 Ab
234 805 319 845 orbe]
356 806 457 836 Omni
490 806 578 835 orbis
607 810 716 845 parte.

20 855 204 896 Neptunus
223 856 349 895 primus
366 865 488 895 equum
506 855 663 886 domitor.

64 906 167 936 Donet
193 906 231 935 ab
247 906 320 935 urbe
346 905 474 943 greges]
500 905 641 935 Rectius
663 905 720 935 alii

18 966 94 987 cum
113 956 345 995 Raplieleugio
361 955 399 985 ab
417 956 498 986 orbe.
525 956 639 993 Forte,
655 957 720 986 Do-

17 1009 69 1036 net
90 1005 212 1036 habere.
250 1005 318 1034 Pro
345 1005 431 1035 laudi
455 1015 544 1044 qnam
563 1005 646 1035 nulla
671 1016 720 1035 ca-

18 1057 125 1088 nendae
167 1055 290 1086 Fratris
316 1056 437 1095 plectra
468 1058 588 1093 vacent,
622 1055 719 1095 prim.

18 1107 130 1137 Vatic.
159 1107 282 1146 aliique
300 1106 492 1145 complures
518 1106 597 1145 quod
623 1107 719 1136 nulla.

19 1156 134 1195 Forte,
159 1156 299 1195 laudique
325 1158 357 1185 ut
381 1155 464 1185 nulla
486 1156 639 1186 canendae.
675 1156 720 1186 D.

19 1205 140 1238 Heius.

63 1255 174 1296 Nulla]
200 1256 290 1287 Non.
315 1257 424 1289 Quam
440 1255 575 1287 omnino
592 1255 719 1286 nullum

22 1308 128 1339 otium
141 1307 200 1338 «let
213 1306 406 1338 celebrandi
424 1307 524 1336 istum
539 1306 721 1337 Consulem

22 1358 165 1388 Musicae
183 1367 252 1387 suae
271 1357 406 1396 Apollo.
434 1356 550 1386 Barth.

64 1410 126 1438 272
155 1407 294 1445 Retibus,
317 1410 346 1436 et
363 1405 522 1444 claustris]
548 1405 638 1445 Lege
662 1406 724 1435 cla-

21 1457 100 1487 thris
117 1466 190 1486 cum
210 1455 352 1496 Gyrald.
374 1459 410 1485 et
426 1456 573 1485 Lucens.
600 1454 721 1485 Horat.

20 1506 97 1538 Art.
114 1506 213 1536 Poet.
237 1508 246 1522 ‘
267 1515 304 1536 ac
330 1505 425 1535 velut
443 1514 538 1535 ursus
557 1504 723 1543 Objectos

21 1566 132 1587 caveae
165 1556 270 1586 valuit
296 1555 322 1585 si
362 1553 520 1594 frangere
553 1554 722 1585 clatln·os.’

20 1607 236 1645 Scholiastes,
279 1607 287 1622 ‘
319 1605 449 1636 Clatbri
477 1609 555 1635 sunt
596 1605 724 1635 robusti

22 1664 136 1697 postes
166 1661 202 1688 et
233 1656 383 1694 rotundi,
419 1655 578 1695 repagula
605 1655 724 1696 quibus

21 1706 221 1738 obfirmatur
257 1706 385 1737 cavea.'
435 1707 526 1737 Hinc
569 1706 724 1737 elathrare

23 1758 113 1799 apud
130 1759 350 1790 Columellam
368 1762 402 1788 et
417 1757 572 1788 clathrata
581 1756 724 1794 fenestra

23 1809 158 1840 Plauto.
207 1809 335 1840 Noster
374 1817 423 1838 vr.
462 1808 560 1838 Cous.
593 1807 723 1838 Honor.

20 1860 30 1876 4
48 1859 292 1900 perpetuisque
317 1858 456 1888 immoto
487 1857 627 1887 cardine
656 1858 723 1888 cla-

23 1910 103 1942 thris
120 1911 226 1943 Janus
255 1909 345 1939 bella
372 1918 527 1948 premens
540 1908 558 1938 :’
582 1908 631 1939 sic
656 1908 725 1947 Gy-

21 1960 109 1991 raldi
136 1959 254 1991 codex.
289 1959 421 1989 Glossae
449 1958 624 1998 Stephani,
653 1959 724 1989 Cla-

23 2011 100 2050 thri,
123 2010 266 2049 Κανόνες,
289 2010 316 2040 οἱ
340 2011 372 2039 ἐν
392 2008 528 2050 θύραισιν
550 2008 722 2044 ὀβελίτκοι.

24 2061 235 2101 Propertius,
258 2061 314 2091 lib.
333 2070 381 2091 lv.
407 2061 458 2091 El.
477 2065 507 2091 5.
536 2061 544 2077 4
564 2062 609 2091 Et
625 2060 723 2090 nimis

23 2112 56 2143 in
75 2118 207 2143 nostros
235 2113 325 2142 cauis
350 2117 555 2151 experrecta
578 2112 725 2151 dolores,

25 2162 109 2194 Cum
127 2161 275 2193 fallenda
292 2172 366 2193 meo
383 2162 505 2202 pollice
529 2163 660 2192 clathra
675 2161 724 2192 fo-

25 2213 122 2245 rent.’
152 2215 212 2245 Sic
231 2215 386 2245 meliores
413 2214 507 2252 libri;
533 2214 581 2244 ita
607 2219 642 2244 et
664 2215 725 2244 cla-

24 2264 233 2302 thrataefores
251 2265 282 2295 in
297 2265 551 2305 epigrammatis
566 2265 725 2305 antiquis,

26 2314 192 2352 etfaliscoe
205 2316 367 2345 clathratae
385 2315 475 2355 apud
500 2316 665 2346 Catonem
683 2315 724 2346 de

27 2366 100 2396 RR.
116 2376 192 2407 cap.
210 2369 259 2397 1-1.
284 2367 451 2404 Lucanus,
475 2365 560 2396 libro
578 2374 612 2396 x.
643 2366 651 2382 ‘
668 2365 725 2396 Sic

28 2414 143 2447 fremit
159 2417 190 2446 in
212 2417 324 2456 parvis
356 2416 430 2446 fera
458 2416 578 2446 nobilis
609 2415 726 2446 abdita

28 2464 177 2503 clathris,
191 2466 233 2496 Et
250 2465 375 2505 frangit
393 2465 527 2495 rabidos
541 2469 725 2505 praemorso

30 2524 168 2545 carcere
186 2516 302 2546 dentes
315 2514 335 2545 :¹
350 2517 398 2546 sic
417 2516 504 2546 malo
519 2526 527 2553 ;
553 2525 626 2546 nam
643 2517 726 2546 clau-

30 2564 103 2594 stris
119 2573 206 2594 nunc
231 2565 376 2604 legitur3
401 2574 591 2604 quanquam
618 2570 653 2595 et
681 2565 727 2594 al-

32 2619 141 2644 terum
157 2613 293 2644 defendi
308 2620 421 2654 potest
437 2625 478 2645 ex
492 2616 726 2646 Statianarum

30 2664 198 2694 Silvarum
226 2663 309 2694 libro
339 2665 500 2703 secundo,
540 2666 581 2696 de
615 2667 727 2697 Leone

32 2714 233 2745 Mansuete:
262 2714 271 2730 ‘
286 2714 378 2745 Quid
401 2715 488 2755 quod
505 2715 598 2747 abire
615 2715 728 2757 domo,

1359 150 1470 191 1547

770 261 952 293 rursusque
964 253 998 283 in
1011 253 1160 284 claustra
1176 253 1303 284 reverti
1323 254 1471 287 Suetus!

771 303 812 334 D.
830 302 943 333 Heius.

810 355 872 383 273
901 352 1130 393 Ducendoeque]
1155 353 1251 384 Vivae
1273 352 1314 383 ad
1331 353 1473 393 Specta-

767 404 843 434 cula
859 403 1053 434 Stilichonis
1070 403 1279 434 exornanda.
1304 403 1418 434 Barth.

810 457 872 485 27⁴
899 454 1068 494 Monstris]
1102 454 1279 484 Inusitatae
1305 453 1472 493 magnitu-

769 504 856 535 dinis
873 504 965 535 feris.
991 505 1090 536 Idem.

809 558 871 586 275
900 555 983 585 Mihi
998 565 1103 586 cursus
1116 554 1254 595 anhelas]
1277 555 1420 586 Lucens.
1436 558 1473 585 et

768 604 910 645 Gyrald.
939 606 1036 645 prim.
1062 605 1174 636 Vatic.
1206 605 1333 644 aliique
1360 603 1473 642 multi,

767 656 839 686 dum
866 665 988 686 cursus:
1013 655 1148 696 quidam
1176 655 1253 684 mihi
1279 663 1408 689 currus:
1434 657 1478 685 ut

768 705 869 746 paulo
887 710 964 745 post
984 706 992 721 ⁴
1011 705 1104 735 cervi
1121 713 1257 735 currum
1274 703 1408 735 subiere
1419 703 1475 744 ju-

770 755 883 795 galeS.'
909 755 955 784 D.
974 754 1086 784 Heius.

812 807 876 835 276
902 805 1029 835 Dictaea
1046 804 1191 844 Lycaste]
1217 804 1379 844 Dictynna
1396 813 1477 845 qua-

772 859 849 885 tuor
866 855 985 895 scripti
1003 864 1077 885 cum
1097 855 1193 894 prim.
1221 855 1391 894 tertioque
1407 854 1474 884 Va-

771 905 894 935 ticanis
911 910 947 935 et
962 905 1122 935 Palatino
1140 914 1179 935 ae
1199 904 1372 935 Oiseliano
1386 913 1394 942 ;
1409 904 1478 934 ele·

772 959 903 993 gunter,
927 964 988 994 pro
1013 954 1228 994 Dictynnaea.
1264 952 1416 990 Δικτύννη
1432 954 1477 984 ei-

772 1004 857 1033 vitas
885 1004 918 1033 in
945 1004 1048 1033 Creta
1071 1003 1244 1033 Straboni.
1283 1003 1339 1033 Sic
1368 1003 1475 1033 Dicte

771 1062 880 1091 mons,
903 1052 1018 1082 Soliuo
1031 1052 1264 1091 Dictynnaeus.
1290 1052 1352 1082 uisi
1369 1052 1475 1082 mavis

772 1103 899 1134 dictam
925 1102 985 1133 ἀπὸ
1006 1102 1062 1132 τοῦ
1077 1100 1211 1140 δικτύου,
1237 1112 1254 1132 a
1273 1106 1368 1132 rete:
1395 1111 1475 1142 quo—

771 1152 870 1184 modo
911 1157 947 1184 et
977 1152 1213 1183 Britomartim
1244 1150 1405 1191 Virgilius
1441 1151 1475 1181 in

772 1203 844 1234 Ciri
876 1204 1087 1244 Dictynnam
1113 1202 1218 1233 fuisse
1244 1205 1475 1243 nuncupatam

772 1255 960 1287 contendit.
986 1255 1084 1285 Idem.

815 1308 878 1337 277
903 1305 1026 1345 AEstus]
1050 1305 1180 1335 Arenas
1197 1308 1368 1335 aestuosas.
1398 1303 1476 1344 Syr-

774 1361 827 1387 tes
844 1357 1085 1387 describuntur
1101 1366 1120 1386 a
1134 1355 1292 1386 Salustio.
1317 1355 1432 1385 Barth.

818 1409 881 1437 279
907 1407 970 1437 Ceu
984 1406 1077 1444 ricta,
1092 1405 1257 1444 tributum]
1281 1405 1423 1436 Lucens.
1440 1409 1476 1436 et

775 1458 873 1488 multi
888 1458 956 1497 alii,
968 1459 1020 1487 sed
1037 1458 1129 1488 ricta.
1154 1457 1196 1488 D.
1214 1456 1334 1487 Heins.

818 1510 881 1538 282
906 1508 1015 1537 Posito
1033 1507 1221 1547 formidine]
1247 1507 1365 1547 Captis
1381 1507 1476 1538 Feris

774 1557 1069 1588 latrocinantibus.
1095 1557 1209 1589 Barth.

821 1609 926 1639 Ludat
940 1607 1112 1644 formidine
1133 1607 1256 1647 pastor]
1279 1608 1398 1639 Laudet
1412 1608 1477 1639 Pa-

775 1658 920 1689 latinus:
949 1657 1040 1698 quod
1067 1667 1086 1688 a
1114 1657 1256 1687 Barthio
1276 1657 1348 1697 jam
1372 1658 1477 1689 moui-

775 1713 858 1739 tum.
885 1709 931 1739 D.
952 1708 1062 1738 Heins.

816 1761 879 1789 284
904 1759 1023 1789 Parent
1045 1757 1221 1788 numinibus
1242 1757 1374 1798 montes]
1403 1758 1479 1789 Mu·

774 1819 857 1839 nera
872 1808 942 1839 sint
958 1809 1167 1849 spectacula,
1191 1808 1311 1849 quibus
1328 1808 1368 1840 ad
1385 1809 1479 1840 Stili-

775 1859 889 1890 chonis
905 1859 1103 1899 obsequium
1119 1867 1186 1889 non
1208 1859 1317 1889 minus
1333 1864 1479 1899 pareant

775 1913 919 1948 montes,
930 1918 1030 1950 quam
1047 1909 1202 1949 ejusdem
1218 1908 1350 1949 legibus
1365 1910 1478 1941 urbes.

774 1960 891 1990 Barth.

819 2010 937 2040 Parent
956 2009 1146 2040 Numinibus
1163 2012 1291 2049 montes,
1310 2012 1345 2038 ut
1360 2007 1478 2047 legibus

774 2059 880 2099 urbes]
901 2060 987 2092 Quis
1004 2069 1069 2090 non
1087 2059 1180 2091 videt
1207 2060 1383 2090 ridiculam
1405 2068 1479 2090 esse

775 2110 861 2141 hauc
878 2110 1169 2150 comparationem
1187 2110 1276 2140 inter
1292 2109 1427 2140 numina
1443 2114 1479 2140 et

775 2161 888 2200 leges?
912 2160 1048 2191 Deinde
1071 2169 1132 2190 cur
1148 2160 1210 2190 soli
1227 2162 1358 2190 montes
1374 2159 1479 2189 numi-

776 2211 875 2241 nibus
895 2220 1015 2251 parere
1036 2210 1219 2241 dicuntur?
1256 2208 1479 2240 Animadver-

778 2261 819 2292 tit
850 2266 885 2292 et
913 2261 1086 2292 Claverius
1112 2261 1206 2290 nihili
1228 2260 1301 2290 haec
1329 2269 1415 2298 esse,
1440 2269 1479 2291 ac

777 2312 919 2351 proinde
936 2321 1067 2342 versum
1085 2321 1126 2341 ex
1154 2310 1360 2341 auctoritate
1390 2310 1482 2341 codi-

777 2363 825 2393 cis
851 2362 900 2393 sui
923 2362 1104 2392 delendum
1128 2366 1265 2399 censet3
1290 2360 1363 2401 pari
1379 2360 1480 2391 modo

779 2413 958 2444 Barthius:
984 2416 1131 2453 uterque
1158 2412 1296 2443 frustra.
1332 2411 1401 2442 Pro
1418 2412 1480 2442 Ρα-

777 2466 859 2502 rent,
889 2463 944 2493 alii
962 2464 1051 2493 inter
1075 2464 1233 2502 scriptos,
1262 2463 1390 2501 Parcet,
1409 2471 1481 2502 par-

777 2518 858 2553 cent,
879 2515 999 2554 placet.-
1022 2513 1129 2553 prima
1152 2513 1258 2543 editio
1274 2516 1310 2543 et
1333 2517 1480 2553 quatuor

778 2565 923 2603 exarati,
947 2565 1065 2594 Parent
1088 2563 1285 2594 muneribus.-
1308 2572 1392 2593 unus
1416 2562 1481 2591 Pe-

781 2621 852 2646 tav.
880 2615 977 2644 Paret
1003 2613 1189 2644 muneribus.
1228 2613 1329 2643 Prior
1356 2610 1482 2641 Moreti

781 2669 817 2696 et
833 2674 917 2695 unus
934 2664 1028 2695 Med.
1060 2664 1171 2693 Parcet
1193 2661 1378 2692 muneribus.
1417 2658 1482 2688 Re-

783 2714 856 2754 gius
894 2714 1005 2744 Pascet
1042 2711 1230 2744 muneribus.
1287 2708 1484 2741 Oiseliauus
