1859 3148
329 149 443 194 1688

329 259 437 288 ratur.
483 254 551 286 Alii
569 255 715 286 immissa
730 253 761 284 iu
779 252 899 283 vulnus
921 251 1030 293 hasta,

331 315 399 347 qua
422 304 550 336 factum
577 305 610 335 id
638 312 724 344 erat,
749 307 902 334 curatum
924 303 1030 345 scrip-

330 365 420 387 sere.
448 356 562 386 Barth.

371 409 413 438 48
438 403 670 443 Placidamque]
693 403 827 443 Mitem,
839 403 945 445 qualis
956 404 1030 436 Me·

330 455 493 487 (licorum.
518 455 614 484 Idem.

372 509 415 537 49
439 504 574 544 Ροριιῖίί,
588 513 662 543 qnos
668 503 790 542 fecerat
803 505 882 545 ipse]
904 505 1028 536 Mirnrn

331 555 397 587 nisi
419 564 497 585 vcra
514 554 614 584 lectio
639 554 735 585 unius
760 555 888 586 codicis
912 556 1028 595 Belgae

330 615 403 646 quos
419 604 540 642 fecerat
565 604 666 636 hasta.
711 605 788 643 Hac
816 605 904 636 euim
935 615 1030 636 cura-

329 660 401 685 tum
416 654 546 694 vulnus,
560 654 764 694 scriptorum
779 664 961 687 consensus
977 656 1032 686 ha-

330 704 402 735 bct.

372 755 413 783 50
437 752 588 783 Flecteris
610 751 686 793 ullo]
723 753 828 784 Prim.
854 754 968 786 Vatic.
996 758 1032 785 et

329 802 668 843 Anibros.frangeris‚
690 813 764 834 cuin
781 803 931 835 editione
948 804 1032 835 Par·

328 853 455 884 mensi:
484 853 532 884 sic
551 863 652 894 supra
667 853 767 884 laude
787 854 944 886 serenan:
970 855 980 872 ‘
995 859 1032 886 tu

327 904 399 934 sola
425 902 626 934 frementem
653 904 836 943 Frangere,
853 909 889 936 tu
908 904 1030 936 blando

327 958 466 993 poteras
480 962 634 984 sermone
651 953 798 985 morari.'
823 954 922 985 Cous.
934 955 1031 985 Man-

328 1003 385 1034 lii:
409 1005 418 1021 ‘
437 1013 511 1044 quae
529 1003 665 1034 dissona
679 1003 745 1034 ritu
760 1004 951 1042 Barlmries,
966 1014 1031 1035 me-

328 1052 377 1083 dii
408 1062 506 1094 quem
542 1063 610 1084 nou
646 1054 838 1084 reverentia
870 1053 1028 1094 frangat!

331 1102 433 1133 Ovid.
452 1103 472 1133 1.
493 1111 532 1134 n.
559 1103 673 1134 Amor.
696 1104 746 1134 El.
764 1107 816 1134 IS.
840 1105 849 1120 ‘
869 1104 1032 1144 Frangor,

329 1156 366 1183 et
395 1152 567 1193 ingenium
599 1153 744 1193 sumptis
778 1159 957 1184 revocatur
987 1155 1030 1185 ab

330 1203 464 1234 armis:’
495 1206 544 1235 sic
569 1209 665 1234 vetus
696 1205 795 1242 liber,
820 1214 885 1235 non
908 1205 1031 1236 Vincor.

328 1254 437 1293 Epist.
462 1254 627 1292 Penelop.
653 1254 738 1283 ‘Ille
764 1259 874 1284 tamon
900 1255 1028 1293 pietate

328 1312 402 1333 mea
423 1303 650 1342 precibusque
667 1303 798 1342 pudicis
814 1304 994 1343 Frangitur
1006 1303 1026 1335 :’

329 1353 376 1384 ita
393 1357 426 1383 ct
443 1353 570 1383 Statius
588 1362 689 1392 saepe.
714 1353 757 1383 D.
776 1353 888 1384 mins.

370 1406 405 1432 51
437 1403 574 1433 Calcatis
590 1402 707 1442 llInsis]
742 1403 905 1433 Extremo
929 1403 1028 1434 modo

328 1450 484 1491 adflictis,
502 1452 642 1493 pedibus
659 1452 836 1492 subjectis.

374 1502 443 1532 Non
457 1512 604 1542 prospera
618 1503 741 1541 cbzgula
758 1502 876 1541 Musis]
900 1503 1029 1533 Milita-

327 1552 376 1582 ria
391 1553 503 1582 onmia
520 1553 710 1592 privilegia,
726 1553 899 1593 ipsamque
924 1553 1028 1592 digui-

326 1606 442 1633 tatem.
488 1602 650 1633 Militiam
673 1612 753 1633 vero
780 1608 887 1641 notat,
906 1609 941 1633 ut
958 1604 1027 1634 dic-

328 1657 411 1690 tum,
428 1652 618 1692 speciatim,
636 1652 714 1692 quia
740 1653 865 1683 milites
883 1654 1027 1684 accincti

328 1711 473 1742 semper.
525 1703 706 1743 Cingulum
740 1709 850 1735 autem
882 1709 1027 1735 sumtum

328 1762 403 1782 cum
421 1753 535 1793 aliqua
559 1753 789 1792 solemnitate,
816 1754 943 1785 invexit
960 1765 1026 1785 mo-

327 1811 396 1832 reni
414 1812 502 1833 nuuc
516 1802 697 1833 Nobilitati
711 1809 836 1834 nostrae
853 1804 1027 1843 usitatum,

327 1852 481 1891 ensisjus
491 1852 642 1882 sumendi
659 1853 871 1884 accinctione
886 1854 1027 1894 alicujus

328 1902 497 1942 Principis
515 1907 571 1933 ant
587 1903 768 1943 Magnatis.
791 1905 908 1936 Bartli.

369 1955 410 1982 52
437 1953 586 1984 Comitem
602 1963 648 1984 me
663 1955 744 1994 pelte
758 1954 870 1994 sodali]
903 1955 1027 1986 Sodatis

580 161 721 192 NOTAE
753 157 1017 191 VARIORUM
1051 161 1102 192 1N
1135 161 1208 192 CL.
1241 162 1425 194 CLAUD.
1458 164 1543 195 XL.

1084 255 1335 295 Raplielengius
1361 260 1484 287 contra
1509 259 1642 287 veteres
1667 255 1796 289 libros.-

1084 306 1132 337 D.
1151 306 1262 337 Heius.

1126 359 1167 387 53
1192 357 1315 396 Insigni
1329 358 1366 388 de
1378 367 1513 398 paupere
1529 360 1599 388 cate
1613 357 1786 399 triumpho]

1086 406 1226 446 Insigne-3
1241 407 1412 448 triumphos
1436 408 1598 438 Lucensis
1613 412 1647 438 et
1664 408 1785 439 decem

1085 457 1141 488 alii
1164 466 1239 488 cum
1268 458 1447 489 Parmensi
1472 458 1647 496 editione;
1671 461 1784 496 recte3

1083 506 1263 546 abruptum
1282 506 1419 538 dicendi
1435 517 1550 548 genus.
1596 507 1651 537 Sic
1679 506 1784 538 alibi:

1084 557 1093 572 ‘
1113 556 1221 587 Quam
1238 557 1362 587 similes
1383 558 1456 588 liaec
1481 559 1559 589 aula
1587 559 1674 588 viros
1685 558 1704 587 ?'
1727 557 1785 588 ubi

1084 605 1224 636 verbum
1249 607 1385 646 aliquod
1413 608 1699 647 subintelligitur:
1735 607 1786 638 sic

1085 658 1122 685 et
1146 655 1155 671 ‘
1173 655 1249 687 Quo
1266 655 1346 685 mihi
1369 655 1538 687 fortunam
1553 657 1574 687 ?’
1598 662 1633 687 et
1656 658 1665 673 ‘
1684 657 1786 687 Unde

1086 708 1153 735 tarn
1181 704 1299 736 faciles
1325 705 1420 736 Deos
1432 706 1454 735 ?’
1479 706 1668 747 similiaque
1694 706 1787 747 apud

1087 754 1247 785 Ovidium
1264 765 1272 793 ;
1297 755 1339 786 de
1357 755 1477 796 quibus
1492 765 1550 786 suo
1570 757 1655 787 loco.
1700 757 1788 788 Bus-

1084 804 1388 844 lidianus‚egregios
1397 805 1585 845 triumphos:
1609 806 1700 846 prior
1712 806 1788 838 Μο-

1087 854 1151 884 reti
1178 855 1338 892 ingentes.-
1359 860 1524 896 excerpta
1549 856 1630 886 Put.
1654 855 1793 895 insignis

1085 904 1275 944 triumphus:
1308 906 1431 946 Scalig.
1457 906 1592 945 insignis
1620 905 1788 947 triumpha.

1085 953 1192 984 Idem.

1128 1007 1167 1034 5⁴
1192 1004 1320 1035 Scilicet
1335 1005 1485 1046 egregiis]
1520 1007 1563 1036 Et
1589 1007 1695 1046 spoliis
1720 1006 1786 1038 Lu-

1084 1063 1173 1085 cenS.
1198 1054 1293 1086 Idem.

1131 1104 1266 1144 Opimis]
1290 1106 1494 1145 Congressus
1517 1107 1611 1137 velut
1635 1106 1714 1146 ipsi,
1738 1106 1789 1138 ita

1085 1162 1242 1192 magnam
1256 1163 1324 1184 rem
1340 1156 1488 1185 molitus.
1511 1155 1627 1186 Barth.

1128 1206 1168 1232 55
1192 1202 1356 1233 Saeviatiu
1379 1204 1518 1245 miseros]
1552 1205 1664 1236 Irruat
1687 1204 1786 1245 prim.

1085 1252 1198 1284 Vatic.
1213 1258 1248 1284 et
1264 1263 1322 1284 sex
1340 1255 1409 1285 alii.
1447 1255 1572 1286 Serviat
1587 1265 1656 1287 sec.
1673 1256 1788 1289 Vatic.

1086 1310 1148 1341 pro
1160 1302 1282 1333 Audiat
1300 1304 1367 1343 hoc,
1383 1305 1537 1335 meliores
1553 1306 1627 1337 hoec.
1655 1306 1786 1345 Longis-

1085 1361 1140 1390 (μω
1149 1352 1266 1382 carinis
1276 1353 1374 1393 prim.
1385 1354 1499 1385 Vatic.
1509 1359 1544 1386 et
1556 1356 1611 1386 alii
1624 1357 1788 1396 nonnulli,

1084 1410 1150 1432 non
1163 1402 1319 1442 longeque.
1350 1404 1392 1435 D.
1409 1404 1528 1436 Heins.

1127 1456 1168 1482 56
1182 1453 1346 1493 Longeque
1357 1455 1472 1485 carinis
1490 1457 1573 1487 Nola
1590 1457 1727 1497 Pharos]
1743 1457 1785 1488 In

1084 1512 1142 1533 eos
1160 1514 1236 1534 usus
1253 1511 1427 1536 exstructa
1445 1506 1556 1537 turris.
1581 1507 1697 1537 Barth.

1126 1556 1166 1584 57
1195 1554 1386 1594 Flentemque
1399 1556 1530 1596 vultum]
1554 1556 1610 1587 Ob
1626 1556 1713 1586 vatis
1727 1565 1784 1596 pe-

1084 1603 1224 1633 riculum
1243 1609 1343 1644 atque
1360 1604 1595 1636 infortunium.
1634 1606 1789 1646 AEgyptii

1083 1654 1170 1684 enim
1196 1655 1301 1684 omnis
1323 1664 1443 1685 census
1466 1665 1505 1685 eo
1528 1660 1681 1695 tempore
1699 1656 1786 1688 Poe-

1083 1713 1157 1733 scos
1172 1704 1424 1744 studiosissimi,
1445 1710 1481 1736 et
1505 1710 1636 1736 tantum
1653 1714 1718 1736 nou
1734 1706 1784 1738 in-

1082 1754 1251 1784 sanientes
1266 1755 1298 1784 in
1317 1764 1402 1785 earn.
1428 1755 1525 1785 Idem.

1124 1807 1166 1834 58
1191 1805 1307 1835 Nostra
1319 1808 1425 1843 gemat
1440 1805 1550 1845 Nilus]
1574 1805 1783 1838 Fluminibus

1082 1855 1193 1885 luctus
1210 1855 1428 1894 adscribitur,
1452 1855 1575 1887 illustri
1599 1856 1710 1898 aliquo
1726 1858 1784 1888 lio·

1080 1905 1170 1936 tuine
1187 1905 1254 1936 oris
1270 1906 1341 1947 ejus
1357 1905 1531 1938 afflictato.
1555 1906 1654 1939 Mem.

1006 2128 1112 2170 XL.

844 2250 885 2290 2.
945 2249 1018 2290 Ad
1048 2250 1255 2290 Serenam.

368 2356 457 2387 Hffic
496 2357 650 2397 Epistola
685 2360 717 2390 in
757 2364 873 2391 nostro
904 2360 1022 2391 codice

326 2405 466 2445 praefixa
482 2408 599 2438 visitur
615 2408 702 2439 libro
718 2409 759 2439 dc
779 2409 947 2441 Laudibus
962 2410 1021 2440 Se-

326 2465 428 2495 renae,
452 2462 538 2488 utet
555 2458 588 2488 in
605 2458 754 2489 editione
771 2459 917 2497 Aldina;
944 2469 1020 2489 cum

325 2510 437 2537 tamen
455 2507 496 2537 ad
517 2517 588 2538 eain
613 2508 812 2539 laudandam
838 2518 953 2549 parum
975 2508 1021 2539 fa-

314 2555 399 2587 ·ciat.
448 2556 489 2587 In
521 2568 586 2589 uno
618 2559 800 2598 Belgarum
842 2559 1020 2598 inscriptio

324 2605 408 2638 t'uit:
442 2614 613 2639 EI’ISTOLA
641 2617 689 2639 An
717 2618 889 2641 sanamini
919 2618 1021 2640 REGI·

305 2663 422 2694 asisin,
460 2666 615 2690 uxorum
669 2667 772 2691 necis
818 2668 1023 2692 slelcoMS.

323 2705 440 2739 Barth.

1123 2363 1137 2390 l
1160 2359 1283 2399 Orphea
1299 2369 1366 2389 cum
1378 2359 1488 2399 prima:
1500 2358 1651 2390 sociarent
1662 2359 1779 2390 lumina

1078 2410 1182 2449 heda]
1201 2409 1245 2439 At
1263 2409 1319 2439 ubi
1338 2409 1496 2439 secundae
1512 2409 1612 2440 toedae
1629 2409 1778 2450 Orphei?

1076 2460 1148 2489 Nos
1166 2459 1334 2499 vulgatam
1349 2460 1549 2499 scripturam
1567 2470 1643 2490 cum
1657 2460 1773 2491 Benti-

1075 2509 1121 2547 ni,
1139 2509 1263 2548 Belgis,
1278 2514 1394 2540 nostro
1411 2509 1543 2548 codice,
1560 2509 1663 2549 Aldo,
1686 2510 1774 2541 aliis-

1075 2570 1139 2600 que
1152 2560 1322 2591 mordicus
1337 2566 1483 2591 tuemur:
1497 2561 1621 2600 Orphea
1634 2571 1701 2591 cum
1711 2561 1777 2601 pri-

1074 2620 1154 2640 mum
1170 2611 1320 2641 sociarent
1336 2612 1470 2642 numina»
1482 2613 1581 2642 toedae.
1620 2612 1698 2643 Hoc
1711 2616 1775 2651 est,

1076 2670 1151 2691 cum
1168 2661 1312 2700 primum
1336 2671 1450 2692 rumor
1467 2662 1693 2693 increbuisset
1718 2672 1775 2693 au·

1076 2711 1191 2752 spiciis
1201 2711 1350 2745 Deorum
1362 2712 1604 2745 immortalium
1613 2711 1775 2754 conjugio
