<?xml version="1.0" encoding="UTF-8"?>
<!DOCTYPE html PUBLIC "-//W3C//DTD XHTML 1.0 Transitional//EN"
    "http://www.w3.org/TR/xhtml1/DTD/xhtml1-transitional.dtd">
<html xmlns="http://www.w3.org/1999/xhtml" xml:lang="en" lang="en">
 <head>
  <title>
</title>
<meta http-equiv="Content-Type" content="text/html;charset=utf-8" />
  <meta name='ocr-system' content='tesseract 3.04.00' />
  <meta name='ocr-capabilities' content='ocr_page ocr_carea ocr_par ocr_line ocrx_word'/>
</head>
<body>
  <div class='ocr_page' id='page_1' title='image "./operaomniaexedit04clauuoft_0291.png"; bbox 0 0 1763 3116; ppageno 0'>
   <div class='ocr_carea' id='block_1_1' title="bbox 531 118 1473 157">
    <p class='ocr_par' dir='ltr' id='par_1_1' title="bbox 531 118 1473 157">
     <span class='ocr_line' id='line_1_1' title="bbox 531 118 1473 157; baseline 0.001 -1"><span class='ocrx_word' id='word_1_1' title='bbox 531 127 605 156; x_wconf 65' lang='lat' dir='ltr'>ci„</span> <span class='ocrx_word' id='word_1_2' title='bbox 636 123 935 156; x_wconf 66' lang='lat' dir='ltr'><strong>CLAUDIAM.</strong></span> <span class='ocrx_word' id='word_1_3' title='bbox 1388 118 1473 157; x_wconf 78' lang='lat'>759</span> 
     </span>
    </p>
   </div>
   <div class='ocr_carea' id='block_1_2' title="bbox 18 216 1476 1225">
    <p class='ocr_par' dir='ltr' id='par_1_2' title="bbox 65 216 1476 1091">
     <span class='ocr_line' id='line_1_2' title="bbox 69 216 1469 271; baseline 0 -12"><span class='ocrx_word' id='word_1_4' title='bbox 69 235 116 259; x_wconf 87' lang='lat' dir='ltr'>eo</span> <span class='ocrx_word' id='word_1_5' title='bbox 133 227 304 271; x_wconf 85' lang='lat' dir='ltr'>tempore</span> <span class='ocrx_word' id='word_1_6' title='bbox 321 220 408 271; x_wconf 89' lang='lat' dir='ltr'>plus</span> <span class='ocrx_word' id='word_1_7' title='bbox 425 217 681 256; x_wconf 72' lang='lat' dir='ltr'>subsidiorum</span> <span class='ocrx_word' id='word_1_8' title='bbox 699 216 851 265; x_wconf 83' lang='lat' dir='ltr'>adeptis</span> <span class='ocrx_word' id='word_1_9' title='bbox 864 229 1052 253; x_wconf 81' lang='lat' dir='ltr'><strong>resumere</strong></span> <span class='ocrx_word' id='word_1_10' title='bbox 1068 217 1230 253; x_wconf 80' lang='lat' dir='ltr'>eandem</span> <span class='ocrx_word' id='word_1_11' title='bbox 1247 230 1416 267; x_wconf 83' lang='lat' dir='ltr'>operam,</span> <span class='ocrx_word' id='word_1_12' title='bbox 1433 229 1469 259; x_wconf 87' lang='lat' dir='ltr'>et</span> 
     </span>
     <span class='ocr_line' id='line_1_3' title="bbox 71 280 1469 335; baseline -0.002 -12"><span class='ocrx_word' id='word_1_13' title='bbox 71 284 255 335; x_wconf 84' lang='lat' dir='ltr'>quicquid</span> <span class='ocrx_word' id='word_1_14' title='bbox 279 284 313 320; x_wconf 92' lang='lat' dir='ltr'>in</span> <span class='ocrx_word' id='word_1_15' title='bbox 347 281 480 319; x_wconf 81' lang='lat' dir='ltr'>eodeni</span> <span class='ocrx_word' id='word_1_16' title='bbox 513 281 777 330; x_wconf 82' lang='lat' dir='ltr'>praestitissent</span> <span class='ocrx_word' id='word_1_17' title='bbox 796 280 856 317; x_wconf 74' lang='lat' dir='ltr'>alii</span> <span class='ocrx_word' id='word_1_18' title='bbox 877 280 1104 325; x_wconf 77' lang='lat' dir='ltr'>examinare,</span> <span class='ocrx_word' id='word_1_19' title='bbox 1128 280 1255 330; x_wconf 77' lang='lat' dir='ltr'>itaque</span> <span class='ocrx_word' id='word_1_20' title='bbox 1276 282 1469 330; x_wconf 76' lang='lat' dir='ltr'>pretiosis-</span> 
     </span>
     <span class='ocr_line' id='line_1_4' title="bbox 74 344 1472 396; baseline -0.002 -10"><span class='ocrx_word' id='word_1_21' title='bbox 74 350 206 386; x_wconf 86' lang='lat' dir='ltr'>simum</span> <span class='ocrx_word' id='word_1_22' title='bbox 229 347 451 394; x_wconf 69' lang='lat' dir='ltr'>scriptorem</span> <span class='ocrx_word' id='word_1_23' title='bbox 473 345 664 394; x_wconf 81' lang='lat' dir='ltr'>excipere,</span> <span class='ocrx_word' id='word_1_24' title='bbox 688 351 727 382; x_wconf 88' lang='lat' dir='ltr'>ut</span> <span class='ocrx_word' id='word_1_25' title='bbox 750 345 929 394; x_wconf 86' lang='lat' dir='ltr'>primum,</span> <span class='ocrx_word' id='word_1_26' title='bbox 953 345 1080 395; x_wconf 83' lang='lat' dir='ltr'>quoad</span> <span class='ocrx_word' id='word_1_27' title='bbox 1112 345 1196 392; x_wconf 80' lang='lat' dir='ltr'>ejus</span> <span class='ocrx_word' id='word_1_28' title='bbox 1227 344 1306 382; x_wconf 85' lang='lat' dir='ltr'>fieri</span> <span class='ocrx_word' id='word_1_29' title='bbox 1326 355 1472 396; x_wconf 77' lang='lat' dir='ltr'>posset,</span> 
     </span>
     <span class='ocr_line' id='line_1_5' title="bbox 72 407 1476 459; baseline -0.003 -10"><span class='ocrx_word' id='word_1_30' title='bbox 72 411 315 450; x_wconf 84' lang='lat' dir='ltr'>redderemus</span> <span class='ocrx_word' id='word_1_31' title='bbox 336 408 715 452; x_wconf 68' lang='lat' dir='ltr'>emaculatissimum,</span> <span class='ocrx_word' id='word_1_32' title='bbox 734 407 872 445; x_wconf 79' lang='lat' dir='ltr'>deinde</span> <span class='ocrx_word' id='word_1_33' title='bbox 896 415 933 445; x_wconf 81' lang='lat' dir='ltr'>et</span> <span class='ocrx_word' id='word_1_34' title='bbox 955 408 1476 459; x_wconf 66' lang='lat' dir='ltr'>clarissiminn.—Conquisi-</span> 
     </span>
     <span class='ocr_line' id='line_1_6' title="bbox 73 471 1476 523; baseline -0.001 -11"><span class='ocrx_word' id='word_1_35' title='bbox 73 476 120 512; x_wconf 86' lang='lat' dir='ltr'>tis</span> <span class='ocrx_word' id='word_1_36' title='bbox 137 476 266 523; x_wconf 83' lang='lat' dir='ltr'>itaque</span> <span class='ocrx_word' id='word_1_37' title='bbox 285 473 478 510; x_wconf 89' lang='lat' dir='ltr'>veteribus</span> <span class='ocrx_word' id='word_1_38' title='bbox 499 472 620 516; x_wconf 87' lang='lat' dir='ltr'>libris,</span> <span class='ocrx_word' id='word_1_39' title='bbox 642 471 822 509; x_wconf 79' lang='lat' dir='ltr'>adhibitis</span> <span class='ocrx_word' id='word_1_40' title='bbox 842 471 1040 509; x_wconf 83' lang='lat' dir='ltr'>doctorum</span> <span class='ocrx_word' id='word_1_41' title='bbox 1065 473 1259 509; x_wconf 82' lang='lat' dir='ltr'>hominum</span> <span class='ocrx_word' id='word_1_42' title='bbox 1282 486 1476 510; x_wconf 85' lang='lat' dir='ltr'>commen-</span> 
     </span>
     <span class='ocr_line' id='line_1_7' title="bbox 73 535 1472 586; baseline -0.001 -11"><span class='ocrx_word' id='word_1_43' title='bbox 73 538 295 581; x_wconf 75' lang='lat' dir='ltr'>tationibus,</span> <span class='ocrx_word' id='word_1_44' title='bbox 327 543 365 574; x_wconf 85' lang='lat' dir='ltr'>et</span> <span class='ocrx_word' id='word_1_45' title='bbox 399 536 501 574; x_wconf 91' lang='lat' dir='ltr'>omni</span> <span class='ocrx_word' id='word_1_46' title='bbox 534 548 671 586; x_wconf 79' lang='lat' dir='ltr'>genere</span> <span class='ocrx_word' id='word_1_47' title='bbox 703 535 839 572; x_wconf 83' lang='lat' dir='ltr'>veteris</span> <span class='ocrx_word' id='word_1_48' title='bbox 868 535 1125 586; x_wconf 72' lang='lat' dir='ltr'>Philosophiae</span> <span class='ocrx_word' id='word_1_49' title='bbox 1156 537 1472 586; x_wconf 63' lang='lat' dir='ltr'>Pliilologiaeque‚</span> 
     </span>
     <span class='ocr_line' id='line_1_8' title="bbox 70 600 1472 651; baseline 0 -13"><span class='ocrx_word' id='word_1_50' title='bbox 70 602 293 651; x_wconf 84' lang='lat' dir='ltr'>nullumque</span> <span class='ocrx_word' id='word_1_51' title='bbox 314 601 390 638; x_wconf 88' lang='lat' dir='ltr'>fere</span> <span class='ocrx_word' id='word_1_52' title='bbox 412 601 782 650; x_wconf 73' lang='lat' dir='ltr'>veraelegitimaeque</span> <span class='ocrx_word' id='word_1_53' title='bbox 801 600 1050 650; x_wconf 70' lang='lat' dir='ltr'>Antiquitatis</span> <span class='ocrx_word' id='word_1_54' title='bbox 1069 608 1266 638; x_wconf 78' lang='lat' dir='ltr'>auctorem</span> <span class='ocrx_word' id='word_1_55' title='bbox 1288 602 1472 638; x_wconf 80' lang='lat' dir='ltr'>intactum</span> 
     </span>
     <span class='ocr_line' id='line_1_9' title="bbox 68 663 1469 715; baseline 0 -13"><span class='ocrx_word' id='word_1_56' title='bbox 68 666 341 715; x_wconf 72' lang='lat' dir='ltr'>relinquentes,</span> <span class='ocrx_word' id='word_1_57' title='bbox 363 678 448 701; x_wconf 87' lang='lat' dir='ltr'>eum</span> <span class='ocrx_word' id='word_1_58' title='bbox 471 663 724 708; x_wconf 83' lang='lat' dir='ltr'>confecimus,</span> <span class='ocrx_word' id='word_1_59' title='bbox 743 671 873 700; x_wconf 83' lang='lat' dir='ltr'>nostro</span> <span class='ocrx_word' id='word_1_60' title='bbox 887 664 1007 700; x_wconf 91' lang='lat' dir='ltr'>solum</span> <span class='ocrx_word' id='word_1_61' title='bbox 1029 665 1165 709; x_wconf 75' lang='lat' dir='ltr'>Marte,</span> <span class='ocrx_word' id='word_1_62' title='bbox 1188 666 1278 701; x_wconf 69' lang='lat' dir='ltr'>satis</span> <span class='ocrx_word' id='word_1_63' title='bbox 1300 665 1469 715; x_wconf 76' lang='lat' dir='ltr'>amplum</span> 
     </span>
     <span class='ocr_line' id='line_1_10' title="bbox 67 727 1472 778; baseline 0 -13"><span class='ocrx_word' id='word_1_64' title='bbox 67 729 305 778; x_wconf 83' lang='lat' dir='ltr'>liberumque</span> <span class='ocrx_word' id='word_1_65' title='bbox 328 728 659 771; x_wconf 85' lang='lat' dir='ltr'>commentarium,</span> <span class='ocrx_word' id='word_1_66' title='bbox 683 740 796 777; x_wconf 85' lang='lat' dir='ltr'>quem</span> <span class='ocrx_word' id='word_1_67' title='bbox 822 728 891 763; x_wconf 77' lang='lat' dir='ltr'>hac</span> <span class='ocrx_word' id='word_1_68' title='bbox 914 727 1082 765; x_wconf 83' lang='lat' dir='ltr'>editione</span> <span class='ocrx_word' id='word_1_69' title='bbox 1102 728 1352 765; x_wconf 80' lang='lat' dir='ltr'>exliibenins.’</span> <span class='ocrx_word' id='word_1_70' title='bbox 1401 729 1472 766; x_wconf 82' lang='lat' dir='ltr'>Ce-</span> 
     </span>
     <span class='ocr_line' id='line_1_11' title="bbox 67 792 1470 842; baseline -0.001 -12"><span class='ocrx_word' id='word_1_71' title='bbox 67 800 187 830; x_wconf 89' lang='lat' dir='ltr'>terum</span> <span class='ocrx_word' id='word_1_72' title='bbox 211 792 294 829; x_wconf 81' lang='lat' dir='ltr'>haec</span> <span class='ocrx_word' id='word_1_73' title='bbox 316 793 408 830; x_wconf 86' lang='lat' dir='ltr'>edit.</span> <span class='ocrx_word' id='word_1_74' title='bbox 432 792 576 829; x_wconf 87' lang='lat' dir='ltr'>mendis</span> <span class='ocrx_word' id='word_1_75' title='bbox 598 798 733 835; x_wconf 80' lang='lat' dir='ltr'>scatet,</span> <span class='ocrx_word' id='word_1_76' title='bbox 758 792 969 840; x_wconf 66' lang='lat' dir='ltr'>praesertim</span> <span class='ocrx_word' id='word_1_77' title='bbox 1001 792 1037 828; x_wconf 92' lang='lat' dir='ltr'>in</span> <span class='ocrx_word' id='word_1_78' title='bbox 1069 792 1234 836; x_wconf 63' lang='lat' dir='ltr'>Graccis,</span> <span class='ocrx_word' id='word_1_79' title='bbox 1266 792 1369 842; x_wconf 69' lang='lat' dir='ltr'>quod</span> <span class='ocrx_word' id='word_1_80' title='bbox 1392 793 1470 841; x_wconf 80' lang='lat' dir='ltr'>ipse</span> 
     </span>
     <span class='ocr_line' id='line_1_12' title="bbox 68 854 1470 905; baseline 0 -13"><span class='ocrx_word' id='word_1_81' title='bbox 68 855 244 892; x_wconf 80' lang='lat' dir='ltr'>Bartliius</span> <span class='ocrx_word' id='word_1_82' title='bbox 264 869 338 893; x_wconf 92' lang='lat' dir='ltr'>non</span> <span class='ocrx_word' id='word_1_83' title='bbox 369 855 483 892; x_wconf 88' lang='lat' dir='ltr'>semel</span> <span class='ocrx_word' id='word_1_84' title='bbox 516 862 554 892; x_wconf 92' lang='lat' dir='ltr'>et</span> <span class='ocrx_word' id='word_1_85' title='bbox 584 854 742 904; x_wconf 86' lang='lat' dir='ltr'>publice</span> <span class='ocrx_word' id='word_1_86' title='bbox 768 862 805 891; x_wconf 90' lang='lat' dir='ltr'>et</span> <span class='ocrx_word' id='word_1_87' title='bbox 826 855 1003 903; x_wconf 85' lang='lat' dir='ltr'>privatim</span> <span class='ocrx_word' id='word_1_88' title='bbox 1036 864 1271 905; x_wconf 74' lang='lat' dir='ltr'>conquestus</span> <span class='ocrx_word' id='word_1_89' title='bbox 1293 863 1349 893; x_wconf 86' lang='lat' dir='ltr'>est</span> <span class='ocrx_word' id='word_1_90' title='bbox 1374 863 1470 893; x_wconf 70' lang='lat' dir='ltr'>teste</span> 
     </span>
     <span class='ocr_line' id='line_1_13' title="bbox 70 917 1465 968; baseline 0.001 -13"><span class='ocrx_word' id='word_1_91' title='bbox 70 920 236 956; x_wconf 86' lang='lat' dir='ltr'>Daumio</span> <span class='ocrx_word' id='word_1_92' title='bbox 271 920 307 955; x_wconf 90' lang='lat' dir='ltr'>in</span> <span class='ocrx_word' id='word_1_93' title='bbox 342 919 453 968; x_wconf 81' lang='lat' dir='ltr'>praef.</span> <span class='ocrx_word' id='word_1_94' title='bbox 485 919 594 956; x_wconf 78' lang='lat' dir='ltr'>Statii</span> <span class='ocrx_word' id='word_1_95' title='bbox 626 931 645 954; x_wconf 83' lang='lat' dir='ltr'>a</span> <span class='ocrx_word' id='word_1_96' title='bbox 679 918 836 955; x_wconf 82' lang='lat' dir='ltr'>Bartliio</span> <span class='ocrx_word' id='word_1_97' title='bbox 858 919 1034 955; x_wconf 77' lang='lat' dir='ltr'>illustrati</span> <span class='ocrx_word' id='word_1_98' title='bbox 1064 932 1125 956; x_wconf 81' lang='lat' dir='ltr'>an.</span> <span class='ocrx_word' id='word_1_99' title='bbox 1152 917 1265 956; x_wconf 65' lang='lat'>1664.</span> <span class='ocrx_word' id='word_1_100' title='bbox 1344 920 1465 957; x_wconf 81' lang='lat' dir='ltr'>Index</span> 
     </span>
     <span class='ocr_line' id='line_1_14' title="bbox 67 982 1467 1033; baseline 0 -13"><span class='ocrx_word' id='word_1_101' title='bbox 67 997 223 1033; x_wconf 87' lang='lat' dir='ltr'>qnoque</span> <span class='ocrx_word' id='word_1_102' title='bbox 244 983 460 1028; x_wconf 81' lang='lat' dir='ltr'>Claudiani,</span> <span class='ocrx_word' id='word_1_103' title='bbox 497 996 613 1032; x_wconf 86' lang='lat' dir='ltr'>quem</span> <span class='ocrx_word' id='word_1_104' title='bbox 648 982 749 1020; x_wconf 85' lang='lat' dir='ltr'>idem</span> <span class='ocrx_word' id='word_1_105' title='bbox 775 982 959 1019; x_wconf 79' lang='lat' dir='ltr'>Daumius</span> <span class='ocrx_word' id='word_1_106' title='bbox 991 984 1106 1032; x_wconf 85' lang='lat' dir='ltr'>epist.</span> <span class='ocrx_word' id='word_1_107' title='bbox 1134 994 1214 1019; x_wconf 78' lang='lat' dir='ltr'>xx.</span> <span class='ocrx_word' id='word_1_108' title='bbox 1247 984 1294 1020; x_wconf 80' lang='lat' dir='ltr'>ad</span> <span class='ocrx_word' id='word_1_109' title='bbox 1322 985 1467 1021; x_wconf 84' lang='lat' dir='ltr'>Thom.</span> 
     </span>
     <span class='ocr_line' id='line_1_15' title="bbox 65 1046 1243 1091; baseline 0 -7"><span class='ocrx_word' id='word_1_110' title='bbox 65 1048 286 1085; x_wconf 90' lang='lat' dir='ltr'>Reinesium</span> <span class='ocrx_word' id='word_1_111' title='bbox 306 1061 327 1084; x_wconf 89' lang='lat' dir='ltr'>a</span> <span class='ocrx_word' id='word_1_112' title='bbox 345 1061 383 1084; x_wconf 85' lang='lat' dir='ltr'>se</span> <span class='ocrx_word' id='word_1_113' title='bbox 405 1047 625 1084; x_wconf 83' lang='lat' dir='ltr'>concinnari</span> <span class='ocrx_word' id='word_1_114' title='bbox 646 1046 803 1091; x_wconf 89' lang='lat' dir='ltr'>dicit,in</span> <span class='ocrx_word' id='word_1_115' title='bbox 826 1047 897 1083; x_wconf 79' lang='lat' dir='ltr'>hae</span> <span class='ocrx_word' id='word_1_116' title='bbox 915 1053 1016 1084; x_wconf 81' lang='lat' dir='ltr'>certe</span> <span class='ocrx_word' id='word_1_117' title='bbox 1038 1047 1099 1083; x_wconf 85' lang='lat' dir='ltr'>ed.</span> <span class='ocrx_word' id='word_1_118' title='bbox 1121 1047 1243 1084; x_wconf 79' lang='lat' dir='ltr'>deest.</span> 
     </span>
    </p>

    <p class='ocr_par' dir='ltr' id='par_1_3' title="bbox 18 1108 1469 1225">
     <span class='ocr_line' id='line_1_16' title="bbox 18 1108 1469 1161; baseline -0.003 -12"><span class='ocrx_word' id='word_1_119' title='bbox 18 1110 116 1150; x_wconf 68' lang='lat'>1654</span> <span class='ocrx_word' id='word_1_120' title='bbox 137 1112 250 1149; x_wconf 86' lang='lat' dir='ltr'>Hunc</span> <span class='ocrx_word' id='word_1_121' title='bbox 272 1124 412 1149; x_wconf 83' lang='lat' dir='ltr'>anuum</span> <span class='ocrx_word' id='word_1_122' title='bbox 443 1113 651 1161; x_wconf 86' lang='lat' dir='ltr'>praeserunt</span> <span class='ocrx_word' id='word_1_123' title='bbox 684 1111 760 1147; x_wconf 82' lang='lat' dir='ltr'>alia</span> <span class='ocrx_word' id='word_1_124' title='bbox 791 1111 967 1160; x_wconf 85' lang='lat' dir='ltr'>exempla</span> <span class='ocrx_word' id='word_1_125' title='bbox 999 1108 1216 1147; x_wconf 79' lang='lat' dir='ltr'>Barthianae</span> <span class='ocrx_word' id='word_1_126' title='bbox 1241 1109 1303 1147; x_wconf 90' lang='lat' dir='ltr'>ed.</span> <span class='ocrx_word' id='word_1_127' title='bbox 1327 1124 1401 1160; x_wconf 71' lang='lat' dir='ltr'>qua</span> <span class='ocrx_word' id='word_1_128' title='bbox 1423 1110 1469 1146; x_wconf 75' lang='lat' dir='ltr'>(le</span> 
     </span>
     <span class='ocr_line' id='line_1_17' title="bbox 66 1176 773 1225; baseline -0.001 -13"><span class='ocrx_word' id='word_1_129' title='bbox 66 1189 104 1213; x_wconf 88' lang='lat' dir='ltr'>re</span> <span class='ocrx_word' id='word_1_130' title='bbox 126 1176 208 1213; x_wconf 84' lang='lat' dir='ltr'>vide</span> <span class='ocrx_word' id='word_1_131' title='bbox 229 1178 445 1214; x_wconf 82' lang='lat' dir='ltr'>Gesnerum</span> <span class='ocrx_word' id='word_1_132' title='bbox 467 1188 505 1225; x_wconf 90' lang='lat' dir='ltr'>p.</span> <span class='ocrx_word' id='word_1_133' title='bbox 529 1184 694 1213; x_wconf 78' lang='lat' dir='ltr'>xxxlv.</span> <span class='ocrx_word' id='word_1_134' title='bbox 714 1188 773 1224; x_wconf 88' lang='lat' dir='ltr'>sq.</span> 
     </span>
    </p>
   </div>
   <div class='ocr_carea' id='block_1_3' title="bbox 453 1316 1028 1355">
    <p class='ocr_par' dir='ltr' id='par_1_4' title="bbox 453 1316 1028 1355">
     <span class='ocr_line' id='line_1_18' title="bbox 453 1316 1028 1355; baseline -0.005 0"><span class='ocrx_word' id='word_1_135' title='bbox 453 1317 598 1355; x_wconf 76' lang='lat' dir='ltr'>AETAS</span> <span class='ocrx_word' id='word_1_136' title='bbox 627 1317 694 1354; x_wconf 85' lang='lat' dir='ltr'>IV.</span> <span class='ocrx_word' id='word_1_137' title='bbox 730 1316 1028 1354; x_wconf 70' lang='lat' dir='ltr'><strong>IIEINSIANA</strong></span> 
     </span>
    </p>
   </div>
   <div class='ocr_carea' id='block_1_4' title="bbox 13 1446 1472 2648">
    <p class='ocr_par' dir='ltr' id='par_1_5' title="bbox 13 1446 1472 1880">
     <span class='ocr_line' id='line_1_19' title="bbox 13 1446 1468 1497; baseline -0.001 -11"><span class='ocrx_word' id='word_1_138' title='bbox 13 1453 41 1486; x_wconf 74' lang='lat' dir='ltr'>A</span> <span class='ocrx_word' id='word_1_139' title='bbox 65 1450 153 1486; x_wconf 67' lang='lat' dir='ltr'>Nic.</span> <span class='ocrx_word' id='word_1_140' title='bbox 170 1448 344 1494; x_wconf 88' lang='lat' dir='ltr'>Heinsio,</span> <span class='ocrx_word' id='word_1_141' title='bbox 367 1447 509 1486; x_wconf 79' lang='lat' dir='ltr'>celebri</span> <span class='ocrx_word' id='word_1_142' title='bbox 527 1452 728 1497; x_wconf 71' lang='lat' dir='ltr'>poetarum</span> <span class='ocrx_word' id='word_1_143' title='bbox 745 1447 965 1484; x_wconf 86' lang='lat' dir='ltr'>Latinorum</span> <span class='ocrx_word' id='word_1_144' title='bbox 994 1446 1239 1497; x_wconf 83' lang='lat' dir='ltr'>sospitatore,</span> <span class='ocrx_word' id='word_1_145' title='bbox 1269 1446 1333 1497; x_wconf 87' lang='lat' dir='ltr'>qui</span> <span class='ocrx_word' id='word_1_146' title='bbox 1355 1449 1468 1485; x_wconf 73' lang='lat' dir='ltr'>etiam</span> 
     </span>
     <span class='ocr_line' id='line_1_20' title="bbox 64 1511 1470 1560; baseline 0 -11"><span class='ocrx_word' id='word_1_147' title='bbox 64 1512 268 1550; x_wconf 74' lang='lat' dir='ltr'>Claudiani</span> <span class='ocrx_word' id='word_1_148' title='bbox 290 1519 436 1549; x_wconf 80' lang='lat' dir='ltr'>textum</span> <span class='ocrx_word' id='word_1_149' title='bbox 451 1511 656 1548; x_wconf 80' lang='lat' dir='ltr'>collatione</span> <span class='ocrx_word' id='word_1_150' title='bbox 669 1512 954 1549; x_wconf 75' lang='lat' dir='ltr'>XXVI11.Mss.</span> <span class='ocrx_word' id='word_1_151' title='bbox 972 1519 1220 1560; x_wconf 84' lang='lat' dir='ltr'>veterumque</span> <span class='ocrx_word' id='word_1_152' title='bbox 1238 1511 1328 1548; x_wconf 89' lang='lat' dir='ltr'>edd.</span> <span class='ocrx_word' id='word_1_153' title='bbox 1345 1526 1470 1549; x_wconf 84' lang='lat' dir='ltr'>ernen-</span> 
     </span>
     <span class='ocr_line' id='line_1_21' title="bbox 64 1575 1471 1619; baseline -0.001 -6"><span class='ocrx_word' id='word_1_154' title='bbox 64 1576 170 1613; x_wconf 80' lang='lat' dir='ltr'>davit</span> <span class='ocrx_word' id='word_1_155' title='bbox 186 1576 222 1612; x_wconf 90' lang='lat' dir='ltr'>in</span> <span class='ocrx_word' id='word_1_156' title='bbox 243 1575 303 1613; x_wconf 86' lang='lat' dir='ltr'>ed.</span> <span class='ocrx_word' id='word_1_157' title='bbox 329 1588 360 1613; x_wconf 88' lang='lat'>1.</span> <span class='ocrx_word' id='word_1_158' title='bbox 385 1576 499 1614; x_wconf 86' lang='grc'>1650.</span> <span class='ocrx_word' id='word_1_159' title='bbox 520 1589 540 1612; x_wconf 84' lang='lat' dir='ltr'>a</span> <span class='ocrx_word' id='word_1_160' title='bbox 561 1577 623 1614; x_wconf 90' lang='lat' dir='ltr'>J0.</span> <span class='ocrx_word' id='word_1_161' title='bbox 647 1575 749 1613; x_wconf 83' lang='lat' dir='ltr'>Frid.</span> <span class='ocrx_word' id='word_1_162' title='bbox 777 1576 976 1613; x_wconf 89' lang='lat' dir='ltr'>Gronovio</span> <span class='ocrx_word' id='word_1_163' title='bbox 1003 1582 1148 1619; x_wconf 76' lang='lat' dir='ltr'>curata,</span> <span class='ocrx_word' id='word_1_164' title='bbox 1180 1575 1265 1613; x_wconf 85' lang='lat' dir='ltr'>dein</span> <span class='ocrx_word' id='word_1_165' title='bbox 1297 1589 1343 1612; x_wconf 82' lang='lat' dir='ltr'>ex</span> <span class='ocrx_word' id='word_1_166' title='bbox 1372 1589 1471 1612; x_wconf 79' lang='lat' dir='ltr'>nova</span> 
     </span>
     <span class='ocr_line' id='line_1_22' title="bbox 61 1638 1472 1677; baseline 0.001 -2"><span class='ocrx_word' id='word_1_167' title='bbox 61 1639 222 1676; x_wconf 78' lang='lat' dir='ltr'>aliorum</span> <span class='ocrx_word' id='word_1_168' title='bbox 245 1639 344 1675; x_wconf 81' lang='lat' dir='ltr'>Mss.</span> <span class='ocrx_word' id='word_1_169' title='bbox 366 1638 570 1676; x_wconf 75' lang='lat' dir='ltr'>collatione</span> <span class='ocrx_word' id='word_1_170' title='bbox 600 1639 635 1675; x_wconf 87' lang='lat' dir='ltr'>in</span> <span class='ocrx_word' id='word_1_171' title='bbox 664 1639 932 1676; x_wconf 74' lang='lat' dir='ltr'>Sclireveliana</span> <span class='ocrx_word' id='word_1_172' title='bbox 964 1649 1015 1676; x_wconf 77' lang='lat' dir='ltr'>II,</span> <span class='ocrx_word' id='word_1_173' title='bbox 1036 1651 1097 1675; x_wconf 82' lang='lat' dir='ltr'>an.</span> <span class='ocrx_word' id='word_1_174' title='bbox 1124 1638 1239 1677; x_wconf 70' lang='lat'>1665.</span> <span class='ocrx_word' id='word_1_175' title='bbox 1261 1639 1362 1676; x_wconf 85' lang='lat' dir='ltr'>notis</span> <span class='ocrx_word' id='word_1_176' title='bbox 1382 1652 1472 1676; x_wconf 80' lang='lat' dir='ltr'>auc—</span> 
     </span>
     <span class='ocr_line' id='line_1_23' title="bbox 64 1702 1469 1753; baseline 0.001 -14"><span class='ocrx_word' id='word_1_177' title='bbox 64 1703 173 1740; x_wconf 84' lang='lat' dir='ltr'>tiore.</span> <span class='ocrx_word' id='word_1_178' title='bbox 220 1702 366 1739; x_wconf 76' lang='lat' dir='ltr'>Hcinsii</span> <span class='ocrx_word' id='word_1_179' title='bbox 387 1703 489 1740; x_wconf 84' lang='lat' dir='ltr'>curis</span> <span class='ocrx_word' id='word_1_180' title='bbox 507 1704 661 1740; x_wconf 82' lang='lat' dir='ltr'>tandem</span> <span class='ocrx_word' id='word_1_181' title='bbox 683 1709 771 1753; x_wconf 84' lang='lat' dir='ltr'>post</span> <span class='ocrx_word' id='word_1_182' title='bbox 792 1703 975 1740; x_wconf 84' lang='lat' dir='ltr'>saeculum</span> <span class='ocrx_word' id='word_1_183' title='bbox 998 1702 1262 1751; x_wconf 42' lang='lat' dir='ltr'>suas-junxere</span> <span class='ocrx_word' id='word_1_184' title='bbox 1277 1702 1469 1740; x_wconf 80' lang='lat' dir='ltr'>duumviri</span> 
     </span>
     <span class='ocr_line' id='line_1_24' title="bbox 66 1767 1469 1813; baseline -0.001 -9"><span class='ocrx_word' id='word_1_185' title='bbox 66 1767 265 1804; x_wconf 81' lang='lat' dir='ltr'>Musarum</span> <span class='ocrx_word' id='word_1_186' title='bbox 289 1767 508 1804; x_wconf 75' lang='lat' dir='ltr'>sacerdotes</span> <span class='ocrx_word' id='word_1_187' title='bbox 537 1768 599 1804; x_wconf 75' lang='lat' dir='ltr'>J⁰.</span> <span class='ocrx_word' id='word_1_188' title='bbox 634 1767 778 1804; x_wconf 82' lang='lat' dir='ltr'>Matth.</span> <span class='ocrx_word' id='word_1_189' title='bbox 801 1768 1011 1812; x_wconf 76' lang='lat' dir='ltr'>Gesnems,</span> <span class='ocrx_word' id='word_1_190' title='bbox 1032 1773 1069 1805; x_wconf 81' lang='lat' dir='ltr'>et</span> <span class='ocrx_word' id='word_1_191' title='bbox 1090 1768 1190 1804; x_wconf 87' lang='lat' dir='ltr'>Petr.</span> <span class='ocrx_word' id='word_1_192' title='bbox 1212 1768 1469 1813; x_wconf 84' lang='lat' dir='ltr'>Burmannus,</span> 
     </span>
     <span class='ocr_line' id='line_1_25' title="bbox 64 1830 918 1880; baseline 0 -13"><span class='ocrx_word' id='word_1_193' title='bbox 64 1844 158 1880; x_wconf 82' lang='lat' dir='ltr'>quas</span> <span class='ocrx_word' id='word_1_194' title='bbox 179 1831 225 1868; x_wconf 80' lang='lat' dir='ltr'>ad</span> <span class='ocrx_word' id='word_1_195' title='bbox 247 1844 309 1868; x_wconf 76' lang='lat' dir='ltr'>an.</span> <span class='ocrx_word' id='word_1_196' title='bbox 335 1836 450 1875; x_wconf 82' lang='lat'><strong>1759.</strong></span> <span class='ocrx_word' id='word_1_197' title='bbox 467 1837 506 1868; x_wconf 86' lang='lat' dir='ltr'>et</span> <span class='ocrx_word' id='word_1_198' title='bbox 530 1830 644 1873; x_wconf 82' lang='lat'>1760.</span> <span class='ocrx_word' id='word_1_199' title='bbox 660 1844 918 1868; x_wconf 84' lang='lat' dir='ltr'>recensemus.</span> 
     </span>
    </p>

    <p class='ocr_par' dir='ltr' id='par_1_6' title="bbox 16 1893 1471 2648">
     <span class='ocr_line' id='line_1_26' title="bbox 16 1893 1471 1945; baseline 0 -15"><span class='ocrx_word' id='word_1_200' title='bbox 16 1893 115 1932; x_wconf 74' lang='lat'>1650</span> <span class='ocrx_word' id='word_1_201' title='bbox 138 1894 262 1944; x_wconf 78' lang='lat' dir='ltr'>Lugd.</span> <span class='ocrx_word' id='word_1_202' title='bbox 288 1896 370 1932; x_wconf 78' lang='lat' dir='ltr'>Bat.</span> <span class='ocrx_word' id='word_1_203' title='bbox 411 1901 469 1933; x_wconf 71' lang='lat'>12.</span> <span class='ocrx_word' id='word_1_204' title='bbox 503 1908 538 1932; x_wconf 89' lang='lat' dir='ltr'>c.</span> <span class='ocrx_word' id='word_1_205' title='bbox 571 1908 607 1932; x_wconf 82' lang='lat' dir='ltr'>n.</span> <span class='ocrx_word' id='word_1_206' title='bbox 642 1895 730 1933; x_wconf 86' lang='lat' dir='ltr'>Nic.</span> <span class='ocrx_word' id='word_1_207' title='bbox 760 1895 933 1932; x_wconf 88' lang='lat' dir='ltr'>Heinsii:</span> <span class='ocrx_word' id='word_1_208' title='bbox 967 1908 1030 1945; x_wconf 78' lang='lat' dir='ltr'>ap.</span> <span class='ocrx_word' id='word_1_209' title='bbox 1066 1895 1228 1932; x_wconf 88' lang='lat' dir='ltr'>Elzevir.</span> <span class='ocrx_word' id='word_1_210' title='bbox 1260 1894 1471 1931; x_wconf 72' lang='lat' dir='ltr'>Heinsiana</span> 
     </span>
     <span class='ocr_line' id='line_1_27' title="bbox 66 1958 1470 2009; baseline 0 -15"><span class='ocrx_word' id='word_1_211' title='bbox 66 1959 179 2007; x_wconf 78' lang='lat' dir='ltr'>prior.</span> <span class='ocrx_word' id='word_1_212' title='bbox 237 1959 295 1996; x_wconf 88' lang='lat' dir='ltr'>Ad</span> <span class='ocrx_word' id='word_1_213' title='bbox 319 1972 433 2009; x_wconf 81' lang='lat' dir='ltr'>quam</span> <span class='ocrx_word' id='word_1_214' title='bbox 456 1961 652 1997; x_wconf 78' lang='lat' dir='ltr'>Gesncrus</span> <span class='ocrx_word' id='word_1_215' title='bbox 671 1973 678 1996; x_wconf 93' lang='lat'><strong>:</strong></span> <span class='ocrx_word' id='word_1_216' title='bbox 713 1965 722 1980; x_wconf 95' lang='lat'>‘</span> <span class='ocrx_word' id='word_1_217' title='bbox 746 1960 803 1996; x_wconf 77' lang='lat' dir='ltr'>lta</span> <span class='ocrx_word' id='word_1_218' title='bbox 826 1960 996 1996; x_wconf 75' lang='lat' dir='ltr'>confessa</span> <span class='ocrx_word' id='word_1_219' title='bbox 1017 1959 1134 2002; x_wconf 87' lang='lat' dir='ltr'>sunt‚’</span> <span class='ocrx_word' id='word_1_220' title='bbox 1152 1958 1287 2007; x_wconf 87' lang='lat' dir='ltr'>inquit,</span> <span class='ocrx_word' id='word_1_221' title='bbox 1318 1962 1328 1978; x_wconf 89' lang='lat'>‘</span> <span class='ocrx_word' id='word_1_222' title='bbox 1351 1958 1470 1995; x_wconf 67' lang='lat' dir='ltr'>Nico-</span> 
     </span>
     <span class='ocr_line' id='line_1_28' title="bbox 64 2022 1470 2073; baseline -0.001 -15"><span class='ocrx_word' id='word_1_223' title='bbox 64 2022 112 2058; x_wconf 80' lang='lat' dir='ltr'>lai</span> <span class='ocrx_word' id='word_1_224' title='bbox 135 2022 282 2059; x_wconf 86' lang='lat' dir='ltr'>Heinsii</span> <span class='ocrx_word' id='word_1_225' title='bbox 302 2023 350 2059; x_wconf 90' lang='lat' dir='ltr'>de</span> <span class='ocrx_word' id='word_1_226' title='bbox 372 2023 497 2072; x_wconf 80' lang='lat' dir='ltr'>poetis</span> <span class='ocrx_word' id='word_1_227' title='bbox 517 2023 664 2068; x_wconf 80' lang='lat' dir='ltr'>merita,</span> <span class='ocrx_word' id='word_1_228' title='bbox 683 2024 733 2061; x_wconf 79' lang='lat' dir='ltr'>ita</span> <span class='ocrx_word' id='word_1_229' title='bbox 751 2037 865 2073; x_wconf 77' lang='lat' dir='ltr'>supra</span> <span class='ocrx_word' id='word_1_230' title='bbox 881 2037 1030 2061; x_wconf 87' lang='lat' dir='ltr'>omnem</span> <span class='ocrx_word' id='word_1_231' title='bbox 1046 2023 1184 2072; x_wconf 78' lang='lat' dir='ltr'>ingenii</span> <span class='ocrx_word' id='word_1_232' title='bbox 1202 2022 1470 2071; x_wconf 65' lang='lat' dir='ltr'>(loctrinaeque</span> 
     </span>
     <span class='ocr_line' id='line_1_29' title="bbox 64 2085 1470 2136; baseline -0.001 -14"><span class='ocrx_word' id='word_1_233' title='bbox 64 2085 184 2123; x_wconf 79' lang='lat' dir='ltr'>aleam</span> <span class='ocrx_word' id='word_1_234' title='bbox 209 2087 347 2136; x_wconf 79' lang='lat' dir='ltr'>posita,</span> <span class='ocrx_word' id='word_1_235' title='bbox 369 2100 457 2136; x_wconf 81' lang='lat' dir='ltr'>quae</span> <span class='ocrx_word' id='word_1_236' title='bbox 484 2087 530 2123; x_wconf 83' lang='lat' dir='ltr'>ad</span> <span class='ocrx_word' id='word_1_237' title='bbox 565 2087 779 2136; x_wconf 77' lang='lat' dir='ltr'>Virgilium,</span> <span class='ocrx_word' id='word_1_238' title='bbox 812 2087 1015 2133; x_wconf 83' lang='lat' dir='ltr'>Ovidium,</span> <span class='ocrx_word' id='word_1_239' title='bbox 1046 2086 1240 2123; x_wconf 79' lang='lat' dir='ltr'>Valerium</span> <span class='ocrx_word' id='word_1_240' title='bbox 1272 2086 1470 2129; x_wconf 71' lang='lat' dir='ltr'>Flaccum,</span> 
     </span>
     <span class='ocr_line' id='line_1_30' title="bbox 64 2149 1470 2200; baseline -0.001 -14"><span class='ocrx_word' id='word_1_241' title='bbox 64 2149 198 2186; x_wconf 84' lang='lat' dir='ltr'>Silium</span> <span class='ocrx_word' id='word_1_242' title='bbox 234 2150 412 2187; x_wconf 87' lang='lat' dir='ltr'>Italicum</span> <span class='ocrx_word' id='word_1_243' title='bbox 442 2150 705 2187; x_wconf 76' lang='lat' dir='ltr'>emendandos</span> <span class='ocrx_word' id='word_1_244' title='bbox 736 2152 1007 2200; x_wconf 78' lang='lat' dir='ltr'>ornandosque</span> <span class='ocrx_word' id='word_1_245' title='bbox 1040 2150 1218 2194; x_wconf 80' lang='lat' dir='ltr'>contulit,</span> <span class='ocrx_word' id='word_1_246' title='bbox 1256 2157 1294 2186; x_wconf 87' lang='lat' dir='ltr'>nt</span> <span class='ocrx_word' id='word_1_247' title='bbox 1316 2149 1470 2187; x_wconf 77' lang='lat' dir='ltr'>laudare</span> 
     </span>
     <span class='ocr_line' id='line_1_31' title="bbox 64 2213 1470 2264; baseline 0.002 -15"><span class='ocrx_word' id='word_1_248' title='bbox 64 2213 207 2250; x_wconf 88' lang='lat' dir='ltr'>volenti</span> <span class='ocrx_word' id='word_1_249' title='bbox 229 2226 274 2250; x_wconf 89' lang='lat' dir='ltr'>ne</span> <span class='ocrx_word' id='word_1_250' title='bbox 293 2214 495 2250; x_wconf 75' lang='lat' dir='ltr'>occinutur</span> <span class='ocrx_word' id='word_1_251' title='bbox 516 2221 640 2252; x_wconf 74' lang='lat' dir='ltr'>metus</span> <span class='ocrx_word' id='word_1_252' title='bbox 662 2214 725 2258; x_wconf 82' lang='lat' dir='ltr'>sit,</span> <span class='ocrx_word' id='word_1_253' title='bbox 748 2214 844 2258; x_wconf 80' lang='lat' dir='ltr'>Quis</span> <span class='ocrx_word' id='word_1_254' title='bbox 873 2214 971 2251; x_wconf 80' lang='lat' dir='ltr'>enim</span> <span class='ocrx_word' id='word_1_255' title='bbox 996 2214 1222 2264; x_wconf 65' lang='lat' dir='ltr'>vituperat?</span> <span class='ocrx_word' id='word_1_256' title='bbox 1274 2215 1331 2251; x_wconf 78' lang='lat' dir='ltr'>Ea</span> <span class='ocrx_word' id='word_1_257' title='bbox 1354 2228 1470 2264; x_wconf 78' lang='lat' dir='ltr'>porro</span> 
     </span>
     <span class='ocr_line' id='line_1_32' title="bbox 65 2276 1469 2327; baseline 0.002 -16"><span class='ocrx_word' id='word_1_258' title='bbox 65 2276 247 2313; x_wconf 82' lang='lat' dir='ltr'>habuerat</span> <span class='ocrx_word' id='word_1_259' title='bbox 272 2277 321 2313; x_wconf 92' lang='lat' dir='ltr'>rei</span> <span class='ocrx_word' id='word_1_260' title='bbox 346 2277 442 2314; x_wconf 88' lang='lat' dir='ltr'>bene</span> <span class='ocrx_word' id='word_1_261' title='bbox 463 2277 652 2327; x_wconf 65' lang='lat' dir='ltr'>gerendae,</span> <span class='ocrx_word' id='word_1_262' title='bbox 673 2278 723 2314; x_wconf 81' lang='lat' dir='ltr'>ab</span> <span class='ocrx_word' id='word_1_263' title='bbox 755 2277 835 2327; x_wconf 77' lang='lat' dir='ltr'>ipsa</span> <span class='ocrx_word' id='word_1_264' title='bbox 874 2277 1129 2315; x_wconf 77' lang='lat' dir='ltr'>finuiliaritate</span> <span class='ocrx_word' id='word_1_265' title='bbox 1160 2291 1246 2315; x_wconf 82' lang='lat' dir='ltr'>cun]</span> <span class='ocrx_word' id='word_1_266' title='bbox 1281 2278 1340 2314; x_wconf 86' lang='lat' dir='ltr'>liis</span> <span class='ocrx_word' id='word_1_267' title='bbox 1371 2292 1469 2327; x_wconf 79' lang='lat' dir='ltr'>quos</span> 
     </span>
     <span class='ocr_line' id='line_1_33' title="bbox 65 2339 1470 2392; baseline 0.003 -17"><span class='ocrx_word' id='word_1_268' title='bbox 65 2339 298 2376; x_wconf 82' lang='lat' dir='ltr'>Claudianus</span> <span class='ocrx_word' id='word_1_269' title='bbox 318 2341 485 2378; x_wconf 84' lang='lat' dir='ltr'>imitatus</span> <span class='ocrx_word' id='word_1_270' title='bbox 506 2348 577 2385; x_wconf 87' lang='lat' dir='ltr'>est,</span> <span class='ocrx_word' id='word_1_271' title='bbox 599 2355 620 2378; x_wconf 85' lang='lat' dir='ltr'>a</span> <span class='ocrx_word' id='word_1_272' title='bbox 643 2342 791 2386; x_wconf 63' lang='lat' dir='ltr'>Iussus,</span> <span class='ocrx_word' id='word_1_273' title='bbox 814 2356 974 2392; x_wconf 88' lang='lat' dir='ltr'>quorum</span> <span class='ocrx_word' id='word_1_274' title='bbox 1007 2353 1179 2381; x_wconf 72' lang='lat' dir='ltr'><strong>XXVIII.</strong></span> <span class='ocrx_word' id='word_1_275' title='bbox 1209 2348 1397 2387; x_wconf 80' lang='lat' dir='ltr'>recenset,</span> <span class='ocrx_word' id='word_1_276' title='bbox 1432 2349 1470 2379; x_wconf 82' lang='lat' dir='ltr'>et</span> 
     </span>
     <span class='ocr_line' id='line_1_34' title="bbox 64 2403 1470 2456; baseline 0.002 -17"><span class='ocrx_word' id='word_1_277' title='bbox 64 2403 336 2439; x_wconf 82' lang='lat' dir='ltr'>collationibus</span> <span class='ocrx_word' id='word_1_278' title='bbox 359 2412 527 2441; x_wconf 82' lang='lat' dir='ltr'>veterum</span> <span class='ocrx_word' id='word_1_279' title='bbox 551 2406 748 2451; x_wconf 84' lang='lat' dir='ltr'>libroruin,</span> <span class='ocrx_word' id='word_1_280' title='bbox 778 2407 859 2455; x_wconf 76' lang='lat' dir='ltr'>jani</span> <span class='ocrx_word' id='word_1_281' title='bbox 894 2407 968 2444; x_wconf 85' lang='lat' dir='ltr'>hoc</span> <span class='ocrx_word' id='word_1_282' title='bbox 999 2413 1171 2456; x_wconf 84' lang='lat' dir='ltr'>tempore</span> <span class='ocrx_word' id='word_1_283' title='bbox 1205 2406 1396 2455; x_wconf 73' lang='lat' dir='ltr'>praesidia,</span> <span class='ocrx_word' id='word_1_284' title='bbox 1429 2413 1470 2443; x_wconf 89' lang='lat' dir='ltr'>ut</span> 
     </span>
     <span class='ocr_line' id='line_1_35' title="bbox 64 2466 1469 2519; baseline 0.002 -16"><span class='ocrx_word' id='word_1_285' title='bbox 64 2466 213 2516; x_wconf 76' lang='lat' dir='ltr'>egregia</span> <span class='ocrx_word' id='word_1_286' title='bbox 235 2466 362 2502; x_wconf 80' lang='lat' dir='ltr'>omnia</span> <span class='ocrx_word' id='word_1_287' title='bbox 383 2467 441 2503; x_wconf 81' lang='lat' dir='ltr'>vel</span> <span class='ocrx_word' id='word_1_288' title='bbox 476 2469 562 2505; x_wconf 87' lang='lat' dir='ltr'>hinc</span> <span class='ocrx_word' id='word_1_289' title='bbox 592 2470 779 2518; x_wconf 77' lang='lat' dir='ltr'>suspicari</span> <span class='ocrx_word' id='word_1_290' title='bbox 813 2470 935 2507; x_wconf 81' lang='lat' dir='ltr'>liceat.</span> <span class='ocrx_word' id='word_1_291' title='bbox 985 2471 1142 2508; x_wconf 41' lang='lat' dir='ltr'>Curaxvit</span> <span class='ocrx_word' id='word_1_292' title='bbox 1171 2471 1378 2507; x_wconf 77' lang='lat' dir='ltr'>editionem</span> <span class='ocrx_word' id='word_1_293' title='bbox 1402 2483 1469 2519; x_wconf 71' lang='lat' dir='ltr'>per</span> 
     </span>
     <span class='ocr_line' id='line_1_36' title="bbox 64 2529 1466 2584; baseline 0.003 -19"><span class='ocrx_word' id='word_1_294' title='bbox 64 2529 180 2579; x_wconf 84' lang='lat' dir='ltr'>ipsius</span> <span class='ocrx_word' id='word_1_295' title='bbox 201 2529 416 2566; x_wconf 80' lang='lat' dir='ltr'>absentiam</span> <span class='ocrx_word' id='word_1_296' title='bbox 444 2531 506 2568; x_wconf 86' lang='lat' dir='ltr'>J0.</span> <span class='ocrx_word' id='word_1_297' title='bbox 528 2532 629 2568; x_wconf 86' lang='lat' dir='ltr'>Frid.</span> <span class='ocrx_word' id='word_1_298' title='bbox 652 2532 885 2578; x_wconf 74' lang='lat' dir='ltr'>Gronovius,</span> <span class='ocrx_word' id='word_1_299' title='bbox 909 2547 987 2584; x_wconf 90' lang='lat' dir='ltr'>quo</span> <span class='ocrx_word' id='word_1_300' title='bbox 1009 2535 1090 2572; x_wconf 78' lang='lat' dir='ltr'>viro</span> <span class='ocrx_word' id='word_1_301' title='bbox 1124 2534 1215 2571; x_wconf 80' lang='lat' dir='ltr'>nihil</span> <span class='ocrx_word' id='word_1_302' title='bbox 1241 2540 1322 2571; x_wconf 76' lang='lat' dir='ltr'>erat</span> <span class='ocrx_word' id='word_1_303' title='bbox 1352 2548 1466 2571; x_wconf 75' lang='lat' dir='ltr'>acci.—</span> 
     </span>
     <span class='ocr_line' id='line_1_37' title="bbox 65 2592 1467 2648; baseline 0.001 -18"><span class='ocrx_word' id='word_1_304' title='bbox 65 2592 196 2638; x_wconf 85' lang='lat' dir='ltr'>ratius,</span> <span class='ocrx_word' id='word_1_305' title='bbox 216 2593 419 2638; x_wconf 81' lang='lat' dir='ltr'>oculatius,</span> <span class='ocrx_word' id='word_1_306' title='bbox 442 2593 593 2631; x_wconf 75' lang='lat' dir='ltr'>lionoris</span> <span class='ocrx_word' id='word_1_307' title='bbox 614 2595 723 2634; x_wconf 87' lang='lat' dir='ltr'>amici</span> <span class='ocrx_word' id='word_1_308' title='bbox 743 2597 967 2637; x_wconf 86' lang='lat' dir='ltr'>studiosius.</span> <span class='ocrx_word' id='word_1_309' title='bbox 1015 2599 1151 2648; x_wconf 77' lang='lat' dir='ltr'>ltaque</span> <span class='ocrx_word' id='word_1_310' title='bbox 1168 2598 1251 2635; x_wconf 83' lang='lat' dir='ltr'>haec</span> <span class='ocrx_word' id='word_1_311' title='bbox 1268 2598 1372 2647; x_wconf 84' lang='lat' dir='ltr'>prior</span> <span class='ocrx_word' id='word_1_312' title='bbox 1392 2597 1467 2633; x_wconf 78' lang='lat' dir='ltr'>edi-</span> 
     </span>
    </p>
   </div>
  </div>
 </body>
</html>
