1859 3148
339 131 452 173 1766
779 139 1034 171 REGENSUS
1070 141 1351 171 nni‘rioNUM

396 242 465 283 De
510 240 704 281 Walchii
753 236 969 276 Versione
1010 237 1274 281 Germanica
1314 241 1465 280 scribit
1516 240 1787 281 Harlesius:

338 309 391 350 In
422 309 627 350 vertendo
672 305 823 346 melius
860 309 1055 345 versatus
1098 312 1165 347 est
1195 307 1426 348 W'alcliius
1473 320 1607 360 quam
1644 312 1792 348 auctor

338 375 563 416 Versionis
594 373 804 420 metricae,
828 369 1040 411 Claudian
1074 372 1203 414 Raub
1225 374 1299 414 der
1331 375 1607 428 Proserpina,
1631 374 1685 414 de
1705 386 1792 427 qua

341 441 518 482 Harles.
541 441 657 479 alibi.
682 438 845 478 Hamb.
868 438 994 479 1784.

397 507 637 548 Claudians
672 504 804 546 Raub
827 505 902 545 der
924 505 1216 559 Proserpina;
1263 508 1304 547 in
1325 509 1366 548 3.
1390 510 1605 549 Bucliern.
1630 508 1795 549 Hamb.

342 575 465 616 1784.
486 576 585 614 Svo.
646 574 804 614 Ver-sio
826 576 893 613 est
912 574 1115 623 metrica3
1150 579 1206 622 at,
1229 576 1288 615 ait
1312 575 1535 629 Kl'ugling,
1558 577 1747 629 languet.

398 640 654 682 Versionem
678 641 852 694 Raptus
877 639 1153 693 Proserpinae
1186 642 1320 682 edidit
1349 645 1412 682 vir
1437 643 1548 683 Rev.
1573 643 1795 682 Ricardus

339 707 577 758 Polwhele,
602 708 921 749 Devoniensis:
966 710 1089 747 extat
1126 708 1169 747 in
1202 709 1403 762 ejusdem
1433 710 1670 762 Operibus,
1693 712 1795 750 ὀνο.

342 776 483 817 Lond.
511 778 635 818 1790.

399 844 514 884 Carl.
538 845 686 885 Fried.
720 844 1042 886 Kretsclnnann
1077 845 1387 885 Literarischer
1416 844 1725 885 Briefwechsel
1745 856 1800 884 an

341 913 436 953 eine
480 912 671 952 Frindin.
713 914 817 953 svo.
861 913 1022 953 Zittav.
1061 917 1101 952 et
1126 912 1247 964 Lips.
1286 912 1412 952 1797.
1475 912 1636 953 Praeter
1676 910 1797 951 Vitae

342 979 573 1020 Claudiani
596 981 769 1019 brevem
804 979 1143 1019 illustrationem
1167 979 1356 1018 continet,
1381 978 1465 1017 hoc
1491 979 1693 1017 volumen
1710 990 1799 1017 me-

341 1047 491 1086 tricam
515 1046 717 1086 carminis
749 1050 901 1086 contra
936 1046 1141 1086 Rutinuni
1174 1046 1572 1098 interpretationem
1596 1047 1798 1085 aliorum-

340 1127 426 1166 que
449 1114 680 1153 Claudiani
704 1113 971 1166 poematum.
1034 1113 1241 1165 Repetita
1258 1115 1323 1151 est
1345 1112 1445 1151 85⁷0.
1481 1112 1603 1163 Lips.
1627 1112 1750 1151 1811.

400 1182 483 1221 Les
516 1181 712 1219 (Euvres
743 1180 794 1219 ‹le
829 1181 898 1219 (11.
934 1180 1161 1225 Claudien,
1194 1191 1273 1230 par
1305 1178 1481 1226 Lateur,
1513 1178 1800 1219 2.t01n.8v0.

342 1249 484 1288 Paris.
507 1247 633 1287 1799,
701 1247 813 1286 Haec
837 1247 1061 1285 volumina
1089 1246 1235 1283 munia
1268 1244 1496 1284 Claudiani
1519 1244 1663 1298 Opera
1685 1258 1801 1285 eom-

342 1315 602 1367 plectuntur,
625 1318 667 1351 et
690 1316 836 1351 textus
859 1313 1092 1352 comitatur
1115 1313 1312 1352 Latinus.

400 1380 588 1421 Gedielit
608 1379 743 1418 wider
763 1379 845 1418 den
868 1379 1016 1419 Rufin,
1040 1379 1124 1419 Per
1140 1379 1184 1419 J.
1211 1379 1259 1418 F.
1278 1379 1528 1434 Ratschky.
1546 1381 1642 1421 Svo.
1665 1381 1800 1421 Vind.

342 1449 466 1489 1501.
530 1447 646 1487 Haec
668 1450 733 1486 est
753 1447 894 1487 versio
918 1446 1202 1495 Germanica,
1234 1451 1355 1487 textu
1379 1448 1538 1487 Latino
1567 1448 1698 1500 juxta
1723 1461 1801 1500 po-

343 1516 442 1556 sito.
506 1513 656 1554 Habet
678 1514 809 1553 etiarn
831 1513 1143 1553 illustrationes
1167 1515 1221 1552 ab
1241 1514 1408 1553 editore
1432 1514 1712 1555 Germanico.

400 1581 466 1622 Cl.
489 1581 720 1622 Claudiani
741 1580 887 1633 Opera
908 1594 916 1620 :
951 1581 1179 1629 recensuit,
1205 1584 1247 1620 et
1268 1582 1491 1633 perpetuis
1519 1583 1803 1623 annotationi-

342 1651 423 1690 bus
456 1648 689 1689 illustravit
725 1648 779 1688 G.
803 1649 853 1689 L.
874 1648 1050 1700 Koenig.
1088 1648 1238 1689 Qus-01.
1267 1647 1367 1688 Svo.
1397 1648 1644 1699 Gottingen.
1677 1649 1801 1691 1808.

345 1717 461 1758 Haec
495 1716 629 1757 editio
653 1718 842 1757 omniurn
865 1715 1095 1756 Claudiani
1115 1716 1368 1768 poematum
1401 1720 1466 1754 est
1488 1716 1744 1766 novissima,
1778 1731 1804 1757 a

341 1786 581 1839 peregrinis
603 1784 738 1833 edita,
757 1797 888 1836 quam
912 1784 1039 1823 nobis
1056 1784 1238 1834 contigit
1256 1783 1444 1833 vidisse3
1477 1788 1519 1822 et
1541 1783 1649 1823 bene
1670 1785 1802 1826 audit.

344 1851 602 1892 Lectoribus
625 1851 791 1904 quippe
820 1851 989 1902 praebet
1020 1855 1187 1890 textum
1213 1854 1465 1899 correctum,
1490 1850 1804 1903 Prolegomena

341 1920 453 1960 satis
488 1919 648 1971 ampla,
678 1924 723 1958 et
744 1919 894 1957 seriem
928 1917 1088 1957 Rerum
1116 1916 1351 1957 Gestarum
1387 1930 1412 1956 a
1448 1918 1632 1958 Valente
1665 1931 1803 1972 usque

343 1986 399 2026 ad
422 1986 661 2027 Arcadium
682 1990 723 2025 et
744 1986 987 2025 Honorium
1015 1998 1070 2024 ex
1107 1984 1335 2024 Claudiani
1365 1985 1643 2026 Carminibus
1677 1985 1803 2026 ador-

343 2058 490 2094 natam
518 2058 560 2093 et
583 2067 658 2105 per
692 2065 830 2092 annos
851 2053 1095 2104 digesta1n3
1124 2057 1379 2104 argumenta
1408 2055 1629 2094 uberrima
1659 2053 1803 2093 Libris

345 2120 640 2173 praeliguntur,
664 2125 708 2158 et
747 2119 1061 2160 Commentarii
1092 2120 1227 2160 lucidi
1265 2125 1307 2161 et
1340 2122 1498 2161 eruditi
1532 2122 1671 2161 textui
1705 2121 1805 2160 sub-

342 2187 600 2240 junguntur.

401 2253 495 2294 The
538 2253 668 2306 Rape
706 2256 756 2295 of
796 2256 1052 2309 Proserpine
1093 2256 1179 2295 and
1220 2256 1289 2295 tlie
1331 2260 1416 2295 two
1457 2254 1596 2294 books
1635 2254 1806 2302 against

346 2320 550 2370 Rufinus,
587 2322 688 2361 with
729 2323 887 2372 others,
936 2324 1046 2363 from
1084 2323 1317 2363 Claudian.
1399 2322 1514 2362 llaec
1560 2321 1806 2372 Anglicana

345 2389 543 2429 versione
573 2389 748 2430 donavit
772 2390 1057 2432 J.G.Strutt.
1122 2389 1338 2443 Interpres
1369 2389 1578 2429 audacem
1597 2388 1805 2440 majesta-

345 2459 490 2496 temet
510 2456 683 2496 vividas
715 2459 906 2510 picturas
939 2458 1081 2510 poeta*r
1112 2471 1197 2498 non
1230 2459 1336 2498 satis
1374 2456 1580 2497 audacter
1615 2455 1804 2508 refingit,

345 2521 524 2563 laudem
545 2528 688 2565 tamen
710 2530 893 2565 meretur
914 2526 1076 2573 versio,
1102 2527 1266 2579 quippe
1298 2524 1488 2578 poetica,
1509 2528 1551 2563 et
1572 2523 1798 2575 elegantia}

347 2591 537 2643 sapiens.
606 2592 890 2634 Praet'atorius
929 2593 1153 2633 discursus
1191 2593 1353 2642 brevis,
1390 2590 1616 2631 occasioni
1658 2594 1802 2643 aptus,

348 2657 601 2710 praefigitur,
644 2664 682 2699 et
724 2672 877 2712 pauca=
903 2661 1218 2714 subjunguntur
1254 2659 1569 2700 annotationes.
1632 2656 1804 2697 Minora
