1859 3148
323 170 436 213 1636

324 274 384 306 lib.
400 283 463 305 xit.
480 272 560 303 Fab.
574 274 604 301 4.
621 270 754 300 lib.v11.
769 264 850 296 Fab.
866 267 895 294 1.
911 264 920 280 ‘
935 268 1024 294 stant

323 336 456 357 mecum
474 329 550 354 vota
569 319 712 352 sororis)
740 318 886 355 Dempst.

369 379 429 407 133
458 372 580 411 Procis]
605 371 790 400 Proeorum
807 365 906 405 copia
923 364 1028 404 gloria

325 426 522 467 puellarum.
571 422 701 451 Revera
719 421 831 447 autom
855 424 921 445 non
949 424 1028 454 pau-

326 486 384 507 cos
402 473 519 504 babuit
538 468 754 507 Proserpina.
780 465 894 496 Barth.

370 528 429 555 135
457 520 636 559 Rhodopen]
658 517 811 548 Tliraciae
829 526 933 553 mons,
952 525 1027 555 quae

327 580 398 605 tota
416 573 494 603 olim
512 570 605 609 regio
619 568 661 598 ob
677 568 862 598 Barbarum
878 565 1029 597 immani-

327 629 431 654 tatem
449 620 598 661 gentium
617 628 712 649 sacra
728 618 842 648 Marti.
870 618 963 646 Idem.

370 674 429 702 137
458 669 615 710 &sperit
643 667 821 707 utrumque]
861 667 1029 704 Utramque

326 724 453 764 primus
469 722 593 752 Petav.
610 725 645 751 et
659 720 770 751 Delrii
789 719 892 756 libcr;
917 723 1028 748 recte:

325 774 366 803 ‹tc
383 773 518 805 Juttone
532 771 619 801 enim
638 775 673 801 et
690 771 821 800 Latona
838 778 957 798 sermo.
986 768 1030 797 Ι).

330 824 442 854 IIeins.

370 876 431 903 139
455 871 586 910 Siculis]
620 871 672 900 Dc
699 870 812 900 Sicilia
841 869 914 907 tege
945 868 1031 898 Pon-

328 929 440 954 tuuum
461 923 492 952 in
524 931 577 952 ιιι.
595 920 726 951 ffineitl.
743 919 845 950 Ovid.
864 928 911 948 tv.
944 919 1032 948 Fast.

328 974 415 1003 Flor.
443 981 481 1002 ιι.
498 976 529 1002 2.
562 971 704 1001 Diodor.
731 969 788 1000 lib.
808 978 838 1000 v.
867 979 941 1008 cap.
972 969 1032 998 ult.

327 1023 384 1054 sin.
411 1023 553 1062 Dempst.

374 1076 434 1103 140
460 1072 588 1111 Ingenio
621 1071 733 1110 confisa
761 1069 834 1108 loci]
872 1069 1034 1107 Ingenium

330 1128 382 1154 est
399 1122 610 1163 promtitutlo
628 1126 663 1152 et
679 1121 835 1160 aptitudo
850 1120 890 1150 ad
907 1119 1033 1160 aliquid

331 1174 618 1215 amplectendum,
659 1172 870 1209 discendum,
918 1176 1033 1201 tenen-

333 1225 422 1255 dum.
461 1224 628 1254 Minntius
643 1223 738 1253 Felix
754 1222 919 1252 Octaxio:
944 1222 951 1236 ‘
964 1221 1034 1260 Ap-

332 1281 430 1315 paret
451 1274 621 1312 ingcnium
637 1282 703 1302 non
721 1272 790 1302 ‹lari
809 1270 1036 1309 facultatibus,

333 1334 395 1354 uec
413 1323 525 1353 studio
543 1322 665 1361 parari,
688 1322 747 1351 sed
766 1330 840 1350 cum
856 1321 931 1359 ipsa
945 1330 1034 1349 men-

333 1372 375 1402 tis
403 1370 605 1401 formatione
637 1368 817 1409 generari.'
862 1369 930 1398 Ubi
959 1369 1035 1399 sim-

334 1421 473 1461 pliciter
487 1419 656 1459 ingenium
672 1417 870 1449 felicitatem
889 1418 962 1458 ejus
978 1417 1035 1449 de-

332 1471 456 1511 signat.

377 1519 555 1558 Trinacria]
577 1519 797 1559 Triquetram
821 1518 896 1548 liinc
921 1518 1035 1557 appel-

331 1572 379 1602 lat
398 1570 590 1601 Lucretius.
627 1569 828 1600 Sclioliastes
851 1568 1036 1608 Apollonii,

332 1621 391 1650 tib.
408 1630 457 1650 tv.
480 1619 500 1656 ἡ
516 1619 641 1650 Σικελία
657 1620 799 1650 ἐκαλεῖτο
825 1617 984 1658 Τρινακρία
999 1617 1036 1646 τὸ

333 1670 481 1710 πρότερον
497 1670 544 1700 διὰ
559 1669 596 1699 τὸ
609 1671 690 1710 ’τρεῖς
717 1668 809 1710 ἄκρας
827 1668 922 1708 ἔχειν.
952 1669 1035 1700 Bur-

333 1722 428 1751 thius.

377 1772 507 1802 sEthera
522 1772 672 1812 deseruit]
712 1771 837 1801 Versus
871 1770 954 1800 duos
985 1779 1035 1798 sn-

336 1820 480 1862 perllnos
498 1822 733 1861 expunximus,
745 1831 822 1850 nam
837 1820 964 1858 vulgati
983 1829 1037 1849 co-

335 1872 428 1903 dices
442 1873 647 1911 conjungunt
660 1870 737 1901 liuic
750 1871 831 1901 istos
847 1881 853 1899 :
881 1870 1037 1900 Commen-

335 1923 388 1952 due
415 1922 531 1951 Siculis
549 1920 667 1958 furtim
694 1930 750 1950 suu
774 1920 908 1960 pignora
935 1918 1038 1949 terris.

336 1971 447 2012 Infidis
462 1975 566 2001 natam
583 1971 699 2001 laribus
714 1969 865 2001 commisit
882 1970 1038 1999 alendam.-

337 2032 474 2062 quorum
492 2021 590 2051 modo
616 2021 716 2058 hunc,
745 2019 844 2049 modo
873 2019 965 2049 illum
984 2029 1038 2049 co-

336 2072 427 2102 dices
461 2071 710 2111 praestantioris
743 2075 831 2099 uotoe
865 2069 1038 2099 omittunt.

336 2121 421 2151 Milii
441 2125 583 2160 uterque
601 2120 689 2149 visus
716 2125 767 2149 est
794 2118 970 2157 delendus,
996 2129 1038 2148 no

337 2176 390 2202 ter
408 2171 494 2200 idem
509 2170 597 2200 (licat
613 2170 806 2208 importuna
820 2169 1037 2209 repetitione.

336 2220 371 2250 Si
389 2220 461 2260 quis
479 2220 624 2259 priorum
653 2219 747 2248 malit
776 2218 875 2254 tueri,
904 2228 970 2248 nou
991 2229 1038 2248 rc-

337 2280 473 2311 pugno3
508 2275 542 2299 ct
574 2275 642 2299 tuin
671 2269 788 2305 gaudia
820 2278 882 2307 pro
907 2269 1038 2307 pignora

336 2321 462 2351 rectius
490 2321 581 2359 legas
611 2329 685 2349 cum
715 2319 840 2349 Mureti
870 2318 976 2355 libr03
1001 2323 1038 2349 ut

338 2376 470 2410 postea,
494 2372 502 2386 ⁶
520 2369 644 2409 gandia
661 2369 765 2398 nostri
787 2368 979 2407 Sanguinis,
1004 2372 1037 2397 et

337 2420 457 2451 charos
476 2419 563 2449 uteri
583 2417 782 2448 commendo
802 2417 959 2447 labore&¹
998 2417 1038 2447 Iu

337 2470 474 2511 scriptis
492 2469 691 2510 quibusdam
707 2478 843 2508 magnus
861 2469 970 2498 hiatus
987 2473 1039 2498 est

338 2530 442 2563 usqne
462 2521 502 2551 ad
528 2530 572 2549 vs.
592 2522 666 2549 215.
691 2524 727 2549 nt
753 2524 870 2557 pateat
895 2519 967 2548 lnce
992 2519 1038 2548 in-

338 2572 478 2614 quinata
504 2571 681 2602 admodum
710 2580 804 2601 esse:
838 2570 908 2609 pari
940 2570 1039 2600 modo

338 2623 411 2654 haec
442 2624 532 2654 curis
563 2623 721 2653 secundis
748 2622 931 2661 castigasse
960 2622 1040 2652 Bar-

342 2672 447 2704 tltium
465 2677 584 2713 postea
602 2673 680 2702 vidi.
704 2673 748 2703 D.
768 2672 880 2702 Heius.

387 2725 444 2756 141
470 2723 575 2755 leatiae
586 2733 660 2764 pars
671 2732 732 2753 ιιηα
750 2721 837 2761 suit]
860 2721 915 2753 Ita
930 2721 1040 2752 credi-

511 177 650 209 NOTAE
685 171 947 204 VARIORUM
983 171 1033 200 IN
1070 169 1143 199 ct„-
1177 167 1359 198 CLAUD·
1393 164 1589 195 XXXIII.

1079 268 1162 302 tum,
1191 261 1376 301 antiquitus
1403 258 1632 289 continentem
1659 254 1772 285 Italiae

1079 312 1182 343 fuisse
1200 312 1362 348 Siciliam,
1387 307 1445 339 sed
1471 308 1775 344 interrumpentem

1079 368 1218 403 pontum
1236 361 1357 392 t'ecissc
1374 359 1531 396 insulam,
1549 356 1638 387 freto
1656 354 1777 385 immis-

1080 423 1127 444 so.
1159 413 1274 443 Barth.

1124 466 1183 493 144
1209 463 1371 501 Parvaque
1386 470 1472 499 cogn.
1486 458 1552 498 Qu]
1586 457 1780 496 Eleganter,

1081 523 1156 543 nam
1169 517 1204 542 ct
1218 511 1488 543 jurisconsultus
1502 507 1593 548 quasi
1605 506 1779 537 continen-

1082 568 1148 592 tem
1160 563 1269 592 Itali-‹1›
1286 561 1367 592 facit
1383 561 1546 591 Siciliam.
1573 559 1659 588 Clar.

1126 615 1184 642 145
1206 612 1296 641 Nunc
1310 611 1411 650 illum]
1425 610 1557 649 Optimi
1573 608 1647 638 libri
1663 618 1669 637 :
1689 607 1782 636 Nune

1081 663 1165 692 illum
1179 662 1269 691 socioe
1284 665 1405 699 ruptum
1431 660 1539 689 tellure
1564 658 1692 687 trisulca
1718 656 1782 695 Op·

1079 712 1165 751 ponit
1180 711 1306 740 Natura
1320 710 1409 740 inuri.
1457 710 1540 739 Quae
1560 707 1661 736 lectio
1679 705 1782 736 omni-

1083 770 1125 790 no
1139 769 1218 789 vera
1233 765 1294 789 est.
1340 758 1440 788 Nunc
1466 757 1555 787 illam
1573 761 1723 795 creptam
1736 755 1783 784 at-

1085 812 1189 842 terius
1204 810 1359 841 societati
1385 810 1456 839 sive
1470 806 1701 847 conjunctioni
1725 815 1783 844 op-

1085 863 1180 903 ponit
1198 861 1400 902 triangulam
1428 860 1510 890 mari
1529 863 1659 888 natura.
1706 856 1783 886 Hoc

1085 920 1151 950 est,
1174 913 1314 943 insulam
1330 911 1411 941 t'ccit
1426 911 1533 941 tribus
1557 907 1722 947 capitibus
1751 906 1783 935 in

1085 972 1178 992 mare
1209 962 1438 997 eminentem3
1477 958 1555 988 niliil
1588 956 1722 986 facilius
1749 960 1784 985 et

1086 1013 1222 1043 certius.
1267 1012 1343 1043 Jam
1359 1010 1407 1040 ait
1430 1008 1602 1049 propriam
1628 1007 1785 1036 tellurem

1086 1062 1209 1093 factam
1229 1072 1247 1093 a
1261 1067 1395 1098 natura,
1423 1060 1537 1099 sicque
1555 1057 1638 1087 mari
1651 1055 1784 1095 opposi-

1088 1118 1164 1144 tam.
1188 1112 1303 1143 Barth.

1131 1163 1223 1193 Nunc
1240 1163 1325 1191 illam
1339 1161 1420 1190 socia
1435 1157 1572 1197 raptum]
1588 1155 1699 1194 Vulgo
1715 1165 1786 1194 rup-

1087 1216 1169 1247 tam;
1186 1211 1276 1252 quod
1293 1209 1372 1240 ferri
1388 1218 1452 1238 nou
1468 1211 1593 1247 potest,
1606 1205 1684 1246 quia
1701 1206 1785 1245 rupit

1087 1261 1275 1302 praecessit.
1321 1259 1412 1289 Puto
1430 1258 1530 1288 ctiam
1563 1255 1688 1285 trisulco
1706 1255 1785 1285 muri

1086 1311 1280 1349 legendum,
1307 1314 1344 1340 ut
1374 1309 1600 1349 Tyrrhenum,
1623 1306 1785 1345 Libycum

1087 1367 1121 1392 et
1140 1361 1269 1392 Ionium
1300 1359 1482 1397 intelligat.
1532 1357 1661 1397 Respuit
1684 1356 1786 1386 etiam

1087 1416 1121 1442 et
1132 1410 1296 1452 proetentis
1311 1409 1436 1449 rupibus
1452 1409 1536 1438 bene
1558 1417 1635 1438 mox
1658 1405 1787 1445 scripti.

1086 1462 1198 1501 Vulgo
1213 1461 1339 1499 respicit
1356 1463 1391 1489 ct
1413 1459 1585 1498 protentis;
1609 1457 1697 1487 unde
1714 1456 1788 1487 Cla-

1087 1511 1197 1541 verius
1215 1510 1343 1548 despicit
1371 1508 1466 1539 Bello
1489 1507 1581 1537 Gild.
1605 1509 1613 1523 ‘
1628 1506 1787 1546 Tarpeias

1086 1561 1111 1590 si
1138 1560 1281 1590 necdum
1311 1558 1441 1597 respuis
1470 1557 1586 1587 arces?
1611 1566 1658 1587 iv.
1687 1557 1791 1588 Cons.

1089 1611 1178 1641 Hon.
1202 1611 1210 1626 ‘
1227 1608 1388 1648 Torquati
1408 1617 1529 1647 respue
1546 1605 1678 1636 mores.'
1716 1605 1787 1636 Ali—

1088 1666 1140 1691 tcr
1162 1661 1234 1691 haec
1252 1660 1340 1691 curis
1363 1657 1519 1688 secundis
1548 1656 1716 1687 Barthius.
1741 1657 1788 1687 D.

1088 1712 1199 1743 Heius.

1132 1765 1191 1792 146
1217 1760 1336 1800 Caput]
1364 1758 1646 1789 Promontorium.
1674 1757 1787 1788 Barth.

1132 1815 1190 1843 117
1219 1810 1301 1849 Irus]
1334 1810 1472 1840 Fluctus
1490 1808 1615 1848 pelagi.
1659 1808 1713 1838 Sic
1738 1817 1787 1837 ru-

1089 1862 1167 1893 hiem
1184 1871 1259 1891 mox
1276 1865 1386 1890 vocat.
1427 1858 1656 1889 Periculosum
1674 1862 1787 1887 autem

1089 1914 1213 1944 fretum
1230 1922 1327 1953 quam
1347 1910 1491 1941 maxime
1516 1908 1607 1939 circa
1626 1907 1786 1939 Siciliam.

1089 1965 1185 1995 Idem.

1133 2017 1193 2045 152
1217 2011 1329 2051 Aitna]
1364 2010 1531 2042 Deflectit
1557 2008 1598 2039 ad
1624 2017 1787 2039 memora·

1089 2065 1287 2095 bilissimum
1314 2062 1473 2101 omnium,
1510 2059 1630 2101 quibus
1667 2064 1788 2089 natura

1090 2115 1230 2144 insulam
1256 2114 1346 2143 illam
1376 2111 1561 2151 insignivit,
1584 2110 1716 2140 AEtuam
1742 2108 1789 2139 ni-

1089 2166 1222 2203 mirum,
1239 2174 1317 2195 sane
1336 2162 1532 2193 miraculum
1550 2165 1688 2190 naturae.
1711 2159 1789 2189 Non

1089 2222 1201 2246 tamen
1219 2215 1288 2244 sola
1306 2212 1406 2242 AEtna
1423 2211 1512 2247 talis,
1537 2209 1595 2238 scil
1623 2214 1655 2238 et
1682 2209 1790 2237 Vesu-

1088 2266 1159 2295 vius
1190 2264 1310 2301 ltalia»,
1340 2267 1374 2292 et
1403 2261 1457 2290 alii
1489 2265 1618 2289 montes
1651 2259 1788 2289 aliarum

1090 2314 1357 2346 Provinciarum.
1383 2312 1479 2342 Idem.

1136 2365 1309 2403 Numquam
1325 2360 1476 2400 taciturn]
1522 2360 1599 2390 Hoc
1617 2364 1681 2397 est,
1705 2369 1787 2390 sem-

1090 2424 1149 2456 pet·
1165 2413 1353 2444 laudatura.
1379 2412 1476 2441 Idem.

1134 2467 1195 2495 153
1221 2462 1369 2493 Enceladi
1383 2459 1519 2499 Imstnm]
1559 2460 1659 2490 Hunc
1676 2460 1787 2490 imma-

1090 2525 1165 2545 nem
1183 2515 1366 2553 Gigantom
1381 2511 1519 2550 Jupiter
1538 2511 1665 2551 injecta
1688 2510 1786 2541 AEtna

1089 2566 1258 2596 domuisse
1276 2563 1464 2598 dicebatur,
1478 2561 1534 2601 qui
1546 2561 1606 2591 sub
1623 2571 1661 2592 ea
1677 2561 1786 2591 adhuc

1089 2618 1241 2658 exspiret
1253 2616 1401 2647 flammas
1416 2620 1450 2645 ct
1467 2623 1587 2644 saxosa
1603 2614 1660 2644 illa
1675 2614 1786 2644 incen-

1089 2670 1156 2700 dia.
1181 2671 1275 2700 Idem.

1132 2719 1275 2750 Membra
1313 2717 1482 2756 recinctus]
1533 2718 1660 2748 Lucan.
1689 2714 1786 2745 tincti
