1763 3116
366 180 414 210 IN
454 180 482 210 l.

20 275 154 306 Sororis.
201 273 303 306 Ovid.
327 273 384 305 lib.
408 283 434 304 1.
461 272 575 304 Amor.
608 272 660 303 El.
687 275 717 303 4.

18 326 105 356 ‘vir
134 331 208 356 tuus
232 329 283 355 est
306 323 420 364 epulas
443 322 538 353 nobis
563 322 716 353 aditurus

17 375 185 406 casdemz'
217 383 289 414 quae
321 382 398 402 vera
426 372 547 409 lecti03
579 382 714 402 nonno-

15 425 140 456 biscum.
166 425 286 454 Horat.
323 425 330 440 ‘
350 423 498 453 Invitum
516 423 572 464 qui
589 428 716 461 servat,

16 475 103 506 idem
120 474 201 504 facit
224 473 394 503 occidenti
406 471 428 502 :¹
464 472 526 502 lioc
544 476 610 510 est,
627 472 715 503 idem

17 525 105 567 quod
120 523 276 555 occidens
293 523 386 554 facit.
411 524 452 554 D.
467 523 578 554 Heins-

58 577 99 606 32
123 574 253 614 Inserit]
279 574 462 614 Imperium
481 574 573 604 velut
589 573 717 603 liabens

14 625 161 656 omnium
190 630 323 655 tuorum
351 629 485 655 actuum
509 628 544 654 et
568 623 718 664 negotio-

17 685 100 706 rum.
161 675 403 705 l'la‹·i‹litate1n
442 674 599 704 Numinis
637 682 717 703 con-

16 726 216 757 stantissimi
233 730 327 755 notat
341 725 405 755 hoc
424 724 574 754 verbum.
601 724 717 754 Fidem

18 776 129 806 onmia
160 776 303 805 humana
334 774 470 814 negotia
501 784 620 814 regere
650 774 719 803 late

19 827 229 858 demonstrat
248 826 430 864 Aruobius,
457 825 516 856 lib.
534 834 572 855 ιι.
599 829 720 855 contra

21 877 199 908 Nationes.

65 927 158 957 Nullo
187 926 330 956 livescere
351 925 445 964 fuco]
483 925 563 955 Alba
594 925 720 965 quippe

10 975 107 1017 fides,
125 974 266 1014 albaque
283 976 354 1014 ojus
372 975 579 1005 indumenta.
604 974 721 1004 Barth.

62 1028 102 1056 33
141 1025 314 1064 Numquam
335 1024 422 1061 salsa
448 1023 545 1063 loqui]
580 1023 722 1054 Mentiri

20 1074 106 1106 enim
123 1074 306 1114 Injustitiae
323 1079 386 1104 est.
412 1074 506 1103 Idem.

62 1128 101 1156 34
121 1124 245 1164 Odisse]
265 1124 412 1154 Praestat
430 1123 629 1154 renunciare
644 1123 723 1154 anii-

25 1175 138 1206 citiam
169 1184 260 1205 more
299 1175 470 1215 majorum,
505 1179 539 1205 et
564 1175 722 1215 exemplo

22 1226 230 1263 Germanici,
246 1230 282 1256 ut
297 1231 346 1255 est
360 1225 448 1265 apud
464 1225 558 1256 Suet.
591 1225 723 1255 Hones-

21 1277 87 1308 tius
111 1286 192 1307 vero
217 1282 266 1306 cst
283 1275 467 1313 offendere,
484 1285 582 1316 quain
601 1275 724 1313 odisse,

22 1326 210 1356 clanculum
247 1326 377 1356 scilicet
396 1337 403 1356 ε
443 1327 520 1356 vide
558 1326 725 1356 'I‘acitum-

26 1375 148 1406 Clurcr.

71 1425 164 1455 Virus
194 1427 226 1455 in
254 1426 331 1466 alto]
363 1426 419 1455 Sic
447 1430 568 1455 vocant
593 1434 725 1455 omnem

23 1473 133 1505 dolum
150 1475 269 1514 optimi
284 1474 489 1513 Scriptores.
521 1474 637 1503 Barth.

68 1527 107 1554 35
135 1524 331 1554 I'roeteudere
346 1524 473 1563 fraudi]
505 1524 559 1553 Sic
578 1523 724 1562 Gyraltl.

21 1584 97 1606 cum
114 1574 338 1605 Fau-nesiano:
364 1578 402 1604 ut
419 1583 509 1612 mox,
542 1575 550 1590 ‘
571 1573 725 1603 Praeten-

23 1625 105 1656 dens
132 1625 270 1665 proprio
299 1634 420 1655 nomen
452 1624 563 1663 regale
593 1622 725 1654 furori.’

23 1675 130 1707 Aldus
146 1680 180 1705 et
197 1675 316 1715 scripti
346 1675 499 1715 plerique
516 1674 727 1713 proemz'ttere:

23 1726 172 1766 quinque
199 1726 396 1765 promittere.-
431 1724 496 1754 duo
523 1723 726 1753 committere.

25 1776 73 1807 D.
96 1776 213 1806 Heius.

66 1828 107 1856 36
126 1825 266 1865 Certum]
285 1826 360 1858 Quo
379 1826 448 1856 viso
464 1825 505 1857 dc
522 1829 635 1856 mente
652 1833 728 1865 pos-

24 1877 68 1908 sis
86 1886 159 1907 esse
177 1887 324 1908 securus.
348 1877 465 1909 Barth.

66 1930 105 1958 37
144 1927 294 1957 Prodesse
322 1927 473 1967 remittit]
508 1928 632 1958 Sensus
660 1927 726 1958 sit:

24 1977 124 2008 Fides
143 1977 311 2017 permittit
338 1978 422 2008 clam
450 1977 610 2018 prodesse
625 1977 729 2008 homi-

25 2026 136 2065 uibus,
152 2027 272 2057 saevirc
300 2031 412 2058 autem
427 2032 462 2058 et
479 2028 618 2067 explere
635 2032 729 2058 tecte

26 2076 114 2114 odia,
142 2086 207 2106 non
224 2077 354 2108 itidem.
396 2077 543 2108 Remitte}
570 2077 626 2117 sit,
656 2087 729 2117 per-

27 2127 147 2158 mittit.
174 2127 268 2158 Idem.

67 2179 109 2207 38
134 2177 303 2207 Amicitias
318 2177 448 2219 firmat]
480 2179 628 2209 Vincula
652 2189 729 2210 mox

27 2227 194 2267 agnoscit.
217 2227 272 2257 Sic
287 2227 328 2257 dc
341 2227 422 2258 Fide
442 2228 600 2259 Publius:
617 2229 625 2245 ‘
642 2229 732 2259 Ami-

26 2277 116 2308 citiae
147 2278 325 2317 coagulum
354 2279 490 2310 unicum
523 2283 576 2309 est
607 2278 730 2311 Fides!

28 2326 125 2358 Idem.

68 2377 148 2408 Hoec
177 2382 206 2409 et
229 2379 385 2410 amicitias
421 2380 509 2419 longo
543 2383 612 2420 post
658 2383 733 2411 tem-

25 2428 233 2469 porefirmat]
258 2430 312 2460 Ita
329 2431 448 2470 scripti
466 2432 642 2472 plerique:
668 2432 732 2462 nisi

29 2476 118 2516 quod
142 2478 175 2508 in
200 2479 307 2518 primo
322 2480 502 2518 Vaticano,
516 2482 584 2520 plus
600 2485 733 2521 tempore

21 2525 287 2566 firmatmmnino
297 2530 504 2569 elegantius:
517 2541 616 2571 quam
629 2531 734 2571 scrip-

33 2581 141 2606 turam
159 2588 241 2609 unus
260 2580 479 2620 petavianus,
495 2582 734 2621 Bononiensis,

32 2630 68 2656 et
107 2631 246 2667 uterque
285 2630 489 2662 Oxoniensis
535 2636 734 2673 agnoscunt.

33 2676 79 2706 D.
99 2675 214 2707 Heius.

77 2727 118 2756 ³9
141 2726 255 2768 Ligat]
280 2726 391 2760 Amici
413 2730 532 2763 animis
551 2733 644 2764 velut
669 2733 738 2765 col-

515 179 650 209 cous.
682 176 896 208 srinicn.
931 175 1023 206 [AB.
1057 177 1107 206 11.
1357 169 1468 210 1517

766 271 876 310 ligati,
894 270 1106 310 invicemque
1124 268 1284 307 connexi,
1310 274 1345 299 ut
1359 271 1475 301 viucu-

768 321 806 351 lis
824 325 894 351 tota
908 331 945 351 ca
961 330 1013 351 rcs
1029 320 1182 361 apprime
1198 320 1283 351 bene
1299 330 1474 360 comparc-

768 376 834 402 tur.
860 371 976 401 Barth.

809 424 850 452 40
876 422 1040 459 Ing‘cuium
1062 421 1183 462 parroe]
1207 422 1262 451 Sic
1287 421 1373 451 bene
1398 431 1472 452 cum

767 472 901 512 scriptis
918 472 1057 512 Raphel.
1069 477 1103 503 et
1119 473 1289 503 Bartliius.
1306 472 1349 502 D.
1361 471 1475 503 IIeinx.

811 523 953 562 Str-epita
981 523 1085 563 noa-ce]
1110 525 1235 554 Errore
1261 524 1390 563 aliquo,
1415 527 1474 554 aut

769 574 868 614 culpa
886 574 1080 604 leviuscula.
1106 573 1220 604 Barth.

810 627 849 655 41
890 625 1046 655 Fastidire
1076 624 1225 664 priorem]
1261 625 1368 655 vetus
1399 627 1474 654 est:

769 674 908 706 Amicos
925 685 1050 715 parans
1069 685 1186 713 novos,
1212 685 1253 705 ne
1270 675 1472 705 obliviscare

771 731 935 757 veterum.
961 726 1059 757 Idem.

814 778 854 806 42
890 776 1042 806 Allicitur
1071 777 1211 807 veniente
1241 776 1332 816 noro]
1370 776 1478 806 Locus

774 831 970 866 corruptus.
1016 827 1223 866 Gyraldinus
1262 838 1336 857 cum
1370 826 1479 857 tribus

775 876 939 907 Mediceis
967 881 1001 907 ct
1029 877 1177 907 secundo
1195 877 1360 907 Vaticano
1383 876 1482 907 Illici-

772 930 850 957 tum.
876 927 979 966 Puto,
1000 928 1050 957 Fit
1065 928 1196 957 licitum.
1215 928 1389 966 Lucensis,
1403 936 1478 958 cum

774 977 872 1016 prim.
901 982 937 1006 et
961 978 1063 1007 tertio
1080 977 1267 1015 Vaticanis,
1293 979 1482 1016 Oiseliano‚

777 1031 813 1057 et
840 1036 960 1057 novem
988 1027 1073 1065 aliis,
1106 1027 1259 1063 [nicilum
1283 1029 1371 1058 unde
1402 1029 1480 1060 olim

774 1076 864 1106 Ilicet
875 1076 1054 1106 adveniente
1066 1077 1301 1116 conjectabam
1316 1088 1323 1107 :
1350 1082 1481 1117 septem

773 1126 957 1162 Allicttun13
994 1126 1161 1166 quomodo
1190 1131 1226 1157 et
1257 1127 1357 1166 prim.
1384 1127 1483 1158 Vati-

775 1186 850 1207 can.
879 1185 940 1216 pro
969 1176 1103 1206 diversa
1130 1177 1297 1208 lectione:
1325 1177 1482 1208 undecim

776 1227 909 1258 Illicite:
933 1230 1000 1257 tres
1017 1227 1189 1262 Allectum;
1223 1228 1310 1268 quod
1328 1228 1483 1268 Scaliger

776 1277 920 1317 probare
949 1277 1056 1307 visus:
1084 1287 1169 1307 unus
1195 1278 1355 1308 Illectum:
1390 1278 1484 1318 prior

778 1327 919 1365 Morcti,
945 1327 1110 1358 Allicitus:
1145 1327 1212 1358 fuit
1239 1338 1315 1359 cum
1343 1333 1377 1359 et
1396 1329 1481 1368 Neg-

778 1379 890 1407 lectum
910 1378 964 1406 vel
993 1378 1096 1408 etiam
1116 1379 1259 1417 EJectum
1285 1379 1404 1419 reponi
1427 1379 1485 1410 de·

778 1428 858 1458 bere
887 1427 1058 1467 opinarer.
1104 1427 1212 1468 Infra,
1234 1429 1243 1445 ‘
1261 1438 1370 1469 neque
1393 1429 1484 1460 enim

778 1477 954 1516 neglectas
982 1487 1066 1516 pace
1095 1477 1252 1508 cobortes
1268 1479 1356 1509 Turn
1384 1479 1486 1519 ditas,

779 1535 854 1556 cum
874 1526 963 1556 bella
979 1525 1152 1557 fremunt)
1175 1527 1218 1558 D.
1234 1528 1345 1560 Heius.

821 1576 996 1614 Benefacta
1013 1577 1132 1617 tenere]
1168 1579 1254 1610 Quoe
1273 1579 1316 1610 ab
1333 1579 1406 1610 aliis
1422 1579 1486 1611 sci-

777 1625 860 1656 licet
874 1626 906 1655 in
926 1631 959 1655 te
979 1625 1107 1657 fuerint
1123 1628 1260 1659 collata.
1284 1629 1400 1661 Barth.

819 1677 859 1706 44
873 1675 1025 1715 Laborat]
1039 1675 1178 1708 Laboras
1190 1678 1307 1719 scripti
1321 1679 1487 1710 nonnulli.

779 1725 881 1755 Forte
899 1725 1052 1756 laborans.
1077 1726 1121 1758 D.
1141 1728 1258 1760 Heius.

820 1778 863 1806 46
883 1776 975 1807 Fovet
992 1776 1146 1818 absentes]
1170 1779 1344 1820 Impervio
1362 1780 1488 1812 calum-

778 1824 843 1857 niae
860 1830 895 1857 et
910 1826 1074 1858 delationi
1093 1835 1248 1868 pectore.
1273 1831 1389 1863 Barth.

821 1879 863 1907 47
889 1877 995 1907 Nullis
1009 1878 1134 1909 avidam
1155 1880 1345 1922 rumoribus]
1369 1881 1413 1913 Et
1428 1882 1490 1912 hoc

780 1926 934 1967 Principi
951 1927 1079 1958 dictum
1098 1929 1154 1960 sit.
1189 1931 1317 1962 Civiles
1335 1941 1488 1963 rumores

780 1977 966 2018 inquirere,
993 1982 1029 2008 et
1061 1980 1249 2011 secundum
1276 1981 1378 2011 fidem
1407 1982 1490 2012 ami-

780 2027 871 2058 citiae
889 2027 1032 2058 alterum
1059 2028 1159 2059 alteri
1184 2031 1396 2070 privatorum
1412 2040 1490 2061 nar-

780 2087 855 2109 rare
873 2078 1048 2109 convenit.
1087 2079 1187 2111 Idem.

822 2128 958 2159 Avidam
985 2129 1173 2169 rumoribus]
1205 2130 1379 2161 Maecenas
1399 2131 1490 2171 apud

781 2178 926 2209 Dionem
943 2189 950 2209 :
976 2178 1011 2208 οὐ
1037 2179 1099 2219 χρὴ
1121 2180 1216 2209 πᾶσιν
1231 2181 1296 2210 τοῖς
1311 2179 1492 2220 λεγομένοις

781 2228 950 2260 πιστεύειν·
975 2230 984 2246 ‘
1004 2239 1079 2260 nain
1119 2231 1192 2270 quis
1219 2231 1381 2262 innocens
1413 2231 1492 2270 erit,

782 2279 809 2308 si
836 2289 1013 2309 accusasse
1041 2278 1220 2310 sufficiet?
1244 2280 1292 2311 ait
1318 2280 1373 2310 ille
1401 2280 1491 2321 apud

784 2330 955 2361 Ammian.
983 2331 1104 2361 elaver.

825 2384 867 2412 48
893 2381 1012 2411 I’andit
1039 2384 1068 2411 et
1095 2381 1256 2422 ignarum]
1286 2383 1328 2414 Ut
1355 2382 1492 2423 Rapho-

783 2431 915 2471 lengius
933 2431 1018 2462 bene
1036 2441 1111 2462 cum
1129 2433 1278 2472 scriptis.
1304 2433 1347 2464 D.
1369 2433 1478 2463 Heius.

833 2482 982 2521 Ignarum
1012 2491 1177 2521 numquam
1214 2483 1340 2522 lasura]
1393 2483 1492 2513 More
1539 2480 1543 2481 ⁷

786 2537 1019 2572 tyrannorum,
1048 2532 1169 2572 quibus
1188 2533 1273 2572 jussi
1301 2532 1390 2570 (luci,
1416 2532 1492 2561 nihil

784 2584 895 2613 minus
913 2586 1168 2623 exspectantes.
1211 2584 1285 2613 Nou
1304 2587 1414 2613 autern
1436 2581 1493 2610 ‹lc-

786 2633 929 2663 lationes
947 2637 1006 2663 aut
1030 2642 1180 2662 rumores
1205 2633 1335 2673 captati
1362 2642 1379 2660 a
1404 2630 1495 2661 Stili-

787 2683 892 2713 chone
921 2682 1020 2719 dicit,
1046 2683 1205 2722 quoniam
1229 2683 1284 2713 ille
1312 2681 1412 2711 animi
1436 2680 1494 2710 mi-

788 2734 878 2765 nime
895 2733 1019 2765 habeat
1044 2733 1275 2764 indemnatum
1290 2730 1494 2763 inauditum·
