1763 3116
383 136 446 166 DE
481 135 646 166 RAP'PU
681 134 1001 165 PROSERPINAE
1040 135 1132 166 Lm.
1168 137 1198 166 l.

63 237 115 262 tx.
139 230 148 246 ⁴
166 229 285 261 maenia
301 230 410 270 Trojae
429 229 580 269 Neptuni
598 227 761 258 fabricata

62 280 193 311 mann?
218 286 252 310 et
277 285 424 310 nostrum
451 277 539 308 infra
565 279 585 308 l.
602 287 641 309 ιι.
667 281 675 294 ‘
694 280 762 308 Cur

62 339 129 360 uon
146 331 272 361 torsisti
290 329 440 359 manibus
457 327 624 358 fabricata
640 329 761 368 cyclo-

61 389 141 420 pum
170 380 208 410 In
238 389 294 409 nos
324 379 404 416 tela,
430 383 526 418 pater
539 377 561 408 ῥ’
606 379 761 410 Quatnor

61 431 176 470 scripti
200 430 364 468 formata:
399 435 435 459 ut
467 437 514 459 vi.
541 429 639 460 Cous.
667 429 758 460 Hon.

59 480 68 497 ⁸
88 489 162 520 qua²
180 487 270 509 terra
288 478 423 508 metallo
444 478 635 509 Nascentes
658 478 760 509 infor-

58 534 127 560 mat
143 529 277 568 equos?
299 528 652 567 Virgilius,l13n.v1n.
670 531 678 546 ‘
695 529 760 559 His

58 579 271 609 informatum
285 579 438 609 manibus
450 580 522 618 jam
540 586 637 620 parte
655 580 760 619 polita

58 628 196 658 Fulmen
214 634 285 657 erat
303 627 323 658 :'
348 638 437 665 mox,
464 630 472 644 ‘
491 628 669 667 Ingentem
694 630 760 669 cly-

56 686 156 716 peum
173 677 390 707 informant?
414 684 447 708 et
474 678 563 718 apud
591 679 757 710 Statium:

56 727 64 743 ‘
82 726 203 757 Siculis
221 737 261 756 an
288 725 496 757 conformata
523 729 660 758 caminis
685 728 760 759 Effl-

57 776 127 815 gies
140 776 160 806 :¹
186 777 225 806 de
244 786 307 816 quo
325 777 426 806 verbo
445 778 542 816 plura
560 779 580 808 Ι.
598 786 652 808 iii.
681 778 760 808 Par-

58 826 157 856 rhasii
176 827 312 857 codices
321 826 471 864 fundata.
500 828 544 858 D.
564 828 683 859 Heius.

98 875 208 915 Stant]
235 877 398 913 Horrent,
414 883 622 916 permanent.
642 879 759 910 Barth.

95 928 158 956 238
182 926 301 955 Suam-e
319 926 507 966 Pyracmon]
533 928 661 958 Famuli
679 929 757 958 Vul-

54 975 144 1006 cani:
164 975 299 1005 Brontes
313 986 332 1005 a
347 977 490 1006 tonitru:
511 976 685 1016 Steropesa
697 977 757 1008 ful-

53 1029 166 1065 getra:
193 1025 367 1065 Pyracmon
394 1025 434 1056 ab
460 1027 637 1058 incendio:
661 1028 755 1060 Serv.

53 1075 94 1106 ad
111 1074 210 1106 finem
227 1085 307 1106 viii.
324 1076 456 1108 AEneid.
481 1077 626 1118 Dempst.

92 1128 157 1157 239
194 1126 260 1156 Nec
291 1127 435 1167 Steropes
463 1129 637 1159 construxit
666 1129 754 1169 opus]

51 1178 236 1209 Vossianus
279 1179 445 1210 committit
482 1189 544 1219 pro
580 1182 754 1217 commisit;

52 1229 141 1270 quod
173 1229 311 1269 elegans
341 1230 491 1262 verbum.
544 1230 753 1262 Prudentius

52 1279 233 1319 Psycliom.
262 1279 452 1309 ‘Induerat
478 1280 617 1310 thoraca
643 1281 754 1312 hume-

53 1329 109 1368 ris,
125 1339 368 1369 squamosaque
395 1328 474 1359 ferri
497 1330 609 1360 Texta
632 1340 692 1370 per
708 1332 755 1361 in-

51 1385 161 1410 tortos
190 1380 404 1410 commiserat
435 1380 583 1420 undique
614 1382 756 1412 nervos!

52 1429 136 1460 Mox
158 1429 293 1469 flumine
318 1433 405 1459 tanto
437 1440 497 1470 pro
517 1431 651 1471 flumine
679 1442 754 1462 cum

50 1479 186 1518 scriptis
211 1479 415 1517 legendum;
442 1480 601 1519 quicquid
625 1481 681 1510 alii
697 1482 754 1511 ob-

49 1533 155 1559 stant.
182 1528 342 1566 Virgilius
357 1528 433 1560 AEn.
450 1538 530 1559 vili.
548 1529 605 1559 ubi
621 1535 754 1561 antrum

52 1578 238 1618 Cyclopum
253 1578 478 1610 describitur:
504 1580 512 1595 ‘
529 1578 659 1610 fluitaes
675 1581 754 1611 rivis

51 1629 189 1670 aurique
204 1630 391 1668 metallum,
407 1630 666 1670 Vuluificusque
681 1631 756 1662 cha-

51 1679 123 1720 lybs
138 1684 234 1710 vasta
248 1678 388 1710 fornace
403 1680 584 1721 liquescit.'
608 1681 681 1712 Lib.
696 1691 754 1712 111.

50 1731 82 1761 in
99 1730 231 1762 Stilich.
255 1731 264 1746 ⁴
284 1730 431 1770 Argenti
451 1736 594 1771 potuere
611 1732 703 1762 lacus
720 1737 756 1762 et

50 1778 187 1811 flumina
200 1780 310 1811 mitti!
341 1781 455 1819 Silius,
472 1782 492 1811 1.
511 1790 577 1811 xri.
599 1782 608 1797 ‘
627 1791 756 1812 summa

50 1829 236 1871 liquefacta
268 1835 320 1861 est
352 1832 463 1871 cuspis
499 1831 531 1861 in
571 1832 680 1870 hasta,
712 1833 756 1862 Et

50 1879 147 1911 fluxit
165 1891 226 1911 ceu
245 1887 423 1921 correptus
437 1881 629 1913 fornacibus
643 1882 755 1913 ensis?

52 1929 202 1961 Rutilius
234 1931 439 1962 Itinerario:
477 1934 485 1948 ‘
505 1932 581 1963 Non
617 1932 755 1963 Biturix

51 1980 144 2020 largo
174 1982 284 2021 potior
315 1983 476 2013 strictura
506 1983 648 2023 camin,
680 1983 754 2014 Nec

51 2041 122 2072 quae
138 2031 266 2062 Sardoo
282 2033 410 2072 cespite
424 2042 532 2063 massa
547 2031 642 2064 fluit.’
664 2033 753 2064 Vide

51 2085 148 2112 notas
165 2082 185 2111 l.
200 2091 239 2112 11.
254 2082 285 2111 in
302 2082 517 2113 Stilich.177.
542 2083 638 2113 Lassa
651 2084 753 2114 etiam

44 2131 185 2172 fornace,
211 2143 276 2163 non
308 2134 437 2172 cervice,
468 2144 543 2165 cum
573 2135 693 2175 lsingr.
720 2140 755 2166 et

52 2182 200 2213 Claverii
218 2183 312 2213 libris
330 2184 522 2223 legendum.
546 2185 665 2224 Virgit.
680 2185 754 2215 AEn.

52 2242 131 2265 vin.
155 2236 163 2251 ‘
179 2235 396 2276 striduntque
410 2237 562 2266 cavernis
573 2237 754 2269 Stricturae

51 2284 248 2325 Chalybum,
271 2291 307 2316 et
331 2285 525 2316 fornacibus
550 2286 637 2326 ignis
655 2286 756 2317 anbe-

51 2334 124 2364 lat!
171 2335 340 2366 Caeterum
356 2336 445 2377 quod
463 2338 641 2377 praecessit
655 2338 756 2378 paulo

52 2389 142 2420 ante,
169 2386 177 2401 ‘
196 2386 370 2424 spiravere
401 2387 489 2416 notis
520 2387 665 2425 animae‚’
696 2397 756 2428 pro

53 2434 163 2464 ventis
190 2435 403 2474 capiendum.
450 2437 505 2467 lta
532 2442 568 2467 et
583 2438 756 2468 Vulcanus

54 2485 96 2515 de
123 2484 259 2515 follibus
288 2486 376 2525 apud
401 2487 601 2518 Maronem:
626 2490 634 2505 ‘
653 2489 757 2520 Quic-

53 2535 132 2576 quid
159 2535 191 2564 in
218 2540 290 2565 arte
312 2545 385 2566 inea
403 2546 535 2576 possum
554 2538 756 2577 promittere

54 2594 158 2622 curae,
175 2585 347 2616 Quantum
376 2586 470 2626 ignes
496 2587 684 2627 anima‘que
703 2597 757 2617 va-

54 2635 157 2665 lentz‘
179 2634 254 2663 liinc
281 2635 458 2665 exaviimare
477 2635 583 2675 folleS,
598 2646 661 2675 pro
677 2646 757 2667 ven·

56 2689 126 2716 tum
143 2694 184 2715 ex
198 2683 333 2715 follibus
350 2685 539 2725 exprimere
551 2685 640 2726 apud
653 2686 756 2718 Seve-

1402 126 1512 169 1641

815 238 885 258 rum
903 228 935 258 iu
952 228 1061 258 AEtna.
1087 229 1128 258 D.
1147 228 1258 258 Heius.

855 281 917 309 240
944 278 1052 318 Notis]
1088 278 1285 315 Ingentibus
1310 277 1439 309 sollium
1457 279 1515 311 ssa-

814 329 915 365 tibus,
933 338 1014 368 quos
1033 329 1136 368 pos-is
1154 329 1233 368 ipsis
1253 328 1349 358 Notis
1367 329 1515 369 aequipa-

812 388 897 410 rare.
925 379 1041 409 Bar-th.

855 428 965 467 Notis]
1000 428 1150 458 Iudiciis.
1176 434 1210 457 ut
1228 428 1368 459 Celsus:
1399 428 1517 459 salutis

812 483 847 508 et
865 478 969 508 morbi
988 484 1091 508 notzr.
1119 479 1239 509 Clari-r.

854 529 992 569 Animoe]
1030 529 1181 559 Flumina
1212 533 1397 558 ventorum.
1437 528 1517 558 Ani-

810 590 886 615 mas,
916 589 974 619 pro
1001 580 1110 610 ventis
1137 579 1224 619 capi,
1252 578 1398 609 ubertim
1422 584 1517 609 nota-

810 634 880 660 tum
898 630 1017 660 docti&

855 680 1012 720 Fulmine]
1038 680 1083 710 At
1108 679 1197 710 haud
1231 678 1333 709 dubio
1362 688 1440 709 vera
1466 683 1517 709 est

810 730 912 760 lectio
929 731 1074 771 flumine,
1101 741 1175 771 quae
1202 728 1380 770 liquefacti
1404 730 1435 759 vi
1454 728 1516 760 fol-

810 780 889 810 lium
922 781 1162 820 inspiratorum
1191 780 1318 810 metalli
1344 780 1515 819 ingentem

809 831 942 870 copiam
962 831 1100 862 indicat.
1126 831 1237 862 Barth.

853 884 915 910 242
938 882 1033 911 Atria
1060 883 1147 911 restit
1174 880 1262 920 ebur]
1299 881 1354 911 Sic
1387 880 1517 911 Moreti

809 930 930 968 codex,
954 940 1019 960 non
1049 931 1160 969 cingit.
1209 931 1335 960 Lucani
1366 930 1518 961 hemisti-

809 979 918 1008 cliium
934 985 985 1009 est
1004 981 1025 1010 l.
1044 988 1078 1010 x.
1102 982 1110 996 ‘
1124 980 1209 1009 ebur
1231 981 1318 1009 atria
1337 980 1450 1018 vestit,
1466 980 1513 1011 Et

806 1027 950 1059 suffecta
965 1039 1062 1058 manu
1080 1028 1210 1059 foribus
1223 1028 1402 1058 testudinis
1416 1028 1515 1059 lndae

805 1077 915 1117 Terga
931 1077 1085 1108 sedentt’
1111 1078 1157 1107 ita
1188 1087 1248 1117 pro
1273 1078 1383 1117 suffixa
1400 1077 1517 1116 legen-

805 1128 884 1158 dum
898 1138 939 1159 ex
955 1128 1101 1168 antiquis
1115 1127 1292 1158 codicibus
1308 1138 1316 1163 ;
1341 1127 1515 1167 quomodo

805 1184 840 1209 et
865 1179 996 1209 Statius
1019 1179 1116 1219 Equo
1145 1178 1334 1208 Domitiani
1363 1178 1406 1208 de
1429 1187 1518 1208 mar-

804 1237 897 1258 more
925 1229 1087 1267 Lunensi,
1114 1229 1123 1245 ‘
1141 1228 1305 1268 Lunaque
1334 1228 1513 1268 portandis

805 1283 934 1308 tantum
954 1276 1098 1308 suffecta
1116 1277 1307 1308 columnis)
1337 1279 1379 1308 D.
1401 1278 1515 1309 Heius.

848 1330 910 1358 244
937 1328 1078 1357 Musteus
1102 1326 1209 1365 cantu]
1250 1327 1345 1356 luter
1362 1336 1460 1366 opus,
1476 1333 1515 1358 ut

803 1377 864 1407 fiat
895 1376 1042 1414 facilior,
1070 1376 1244 1406 hilaritate
1274 1376 1375 1406 animi
1413 1381 1516 1406 cantu

804 1428 968 1464 excitata,
985 1426 1090 1456 labor.
1117 1427 1231 1457 Barth.

846 1479 907 1506 245
933 1476 1032 1505 Irrita
1049 1475 1190 1514 texebat]
1228 1475 1424 1506 Puellarum
1439 1485 1512 1506 ma-

803 1531 1047 1566 tronarumque
1064 1527 1137 1555 laus
1156 1527 1187 1555 in
1207 1528 1357 1556 textrina
1371 1532 1406 1557 et
1433 1527 1515 1557 lani-

806 1575 912 1607 ficiis:
938 1576 1050 1615 Tiraq.
1065 1576 1097 1605 in
1112 1584 1163 1606 xi.
1179 1576 1324 1606 connub.
1341 1576 1517 1607 abuudan-

804 1626 944 1658 tissime.
987 1626 1087 1657 Adde
1114 1626 1217 1657 Ovid.
1235 1627 1256 1657 l.
1271 1635 1295 1658 1.
1322 1626 1440 1656 Amor.
1457 1627 1511 1658 El.

804 1681 856 1708 13.
883 1678 984 1708 ini.
1010 1678 1151 1708 Metam.
1189 1676 1272 1707 Fab.
1307 1680 1337 1707 5.
1382 1676 1515 1709 Auson.

805 1732 937 1768 parent.
954 1731 984 1757 5.
1006 1733 1040 1757 et
1059 1730 1110 1757 13.
1127 1731 1277 1757 nostrum
1302 1727 1343 1756 de
1366 1727 1515 1766 phaleris

805 1778 884 1819 equi
907 1778 1004 1818 regii.
1039 1777 1131 1809 Tull.
1150 1785 1200 1808 vr.
1217 1777 1322 1807 Verr.
1350 1777 1454 1808 variis
1481 1777 1515 1807 in

805 1829 902 1858 locis.
927 1828 1074 1868 Dempsl.

847 1881 908 1909 247
949 1877 1146 1918 Tumullum]
1185 1877 1372 1909 Confusum
1405 1878 1515 1909 Chaos

805 1928 901 1960 illud.
926 1929 1042 1959 Barth.

848 1982 911 2010 248
935 1978 1075 2018 Semina]
1100 1979 1280 2009 Elementa
1297 1979 1395 2009 dicit.
1414 1979 1515 2009 Idem.

847 2029 1096 2069 Seminajustis]
1120 2029 1224 2059 dussis
1237 2031 1335 2069 prim.
1352 2029 1514 2060 Vatican.

805 2086 988 2121 utrumque
1006 2080 1105 2111 bene.
1134 2081 1217 2111 Mox
1234 2090 1295 2120 pro
1318 2082 1382 2119 egit
1397 2080 1516 2110 Clave-

806 2131 873 2161 rius
890 2131 990 2170 legit;
1013 2130 1181 2171 quomodo
1202 2134 1237 2160 et
1262 2130 1402 2170 quintus
1420 2129 1519 2160 Vati·

805 2192 927 2212 canus:
953 2183 1127 2222 vulgatum
1141 2181 1183 2212 de
1198 2181 1366 2221 vertigine
1384 2181 1453 2221 poli
1466 2191 1516 2212 as-

806 2233 902 2263 sidua
917 2231 1191 2273 intelligendum.
1217 2231 1351 2262 Deinde
1367 2241 1427 2272 pro
1441 2241 1516 2271 gra-

807 2284 894 2313 viora
918 2284 1045 2321 cudunt,
1068 2282 1177 2313 Delrii
1201 2282 1310 2313 codex
1329 2286 1364 2312 et
1389 2281 1456 2312 duo
1474 2291 1516 2312 ex

807 2333 932 2363 nostris
957 2335 1072 2363 ruunt.-
1097 2337 1134 2363 ut
1151 2333 1172 2363 l.
1188 2342 1213 2363 1.
1238 2333 1270 2362 in
1290 2331 1402 2363 Rufin.
1425 2333 1434 2350 ‘
1455 2333 1517 2363 tol-

808 2384 923 2414 luntur
947 2384 979 2413 in
1008 2383 1127 2421 altum,
1156 2383 1204 2413 Ut
1232 2383 1331 2424 lapsu
1359 2383 1516 2423 graviore

808 2434 934 2464 ruant.'
960 2435 1006 2464 D.
1025 2433 1140 2464 Heius.

850 2487 914 2515 250
938 2484 1105 2515 Incanduit
1121 2483 1234 2523 oether]
1263 2483 1435 2514 AEtherem
1454 2492 1516 2523 pro

807 2534 887 2566 acre
912 2534 1036 2566 dixisse
1068 2535 1248 2575 purissimo
1277 2535 1426 2566 videtur.
1472 2535 1516 2565 Et

807 2595 886 2616 sane
915 2585 1002 2616 aeris
1032 2585 1189 2625 regiones
1225 2586 1325 2626 longe
1364 2585 1519 2621 altiores,

807 2645 907 2676 quam
930 2635 1051 2676 quibus
1077 2635 1188 2666 avium
1214 2635 1346 2666 volatus
1362 2640 1421 2664 aut
1438 2642 1515 2664 ocu-

806 2686 914 2717 lorum
932 2685 1024 2717 visus
1040 2685 1125 2717 locis
1139 2690 1310 2716 censetur.
1334 2683 1451 2715 Barth.
