1763 3116
366 183 424 212 DE
460 181 622 212 RAP'rU

41 284 228 316 perumque
242 275 282 306 ad
295 275 405 306 lumen
420 274 523 305 ituras
534 272 740 304 Lustrabat!

42 326 86 357 D.
104 326 217 357 Heius.

83 380 143 407 100
164 378 270 407 Tertia
282 375 444 415 supremae]
460 374 559 404 Adeo
575 383 638 404 non
650 383 738 404 coin-

40 427 200 467 parabilis
217 436 290 457 cnm
315 433 460 464 superna
486 429 588 463 sorte,
614 430 650 454 nt
671 425 738 455 Eu-

38 477 169 507 cherius
188 475 334 506 Homilia
348 475 380 504 in
395 483 453 505 ιιι.
471 474 658 512 Adventus,
672 484 738 505 me-

38 527 103 557 rito
125 525 248 556 inferos
273 525 422 555 cloacam
449 525 563 554 mundi
587 525 737 565 appella-

36 576 132 606 verit.

77 623 194 664 Sor-lis]
218 625 331 656 Partis
355 636 429 666 quae
455 631 545 656 sorte
567 630 617 656 est
631 630 738 655 trans-

35 675 102 706 lata
118 676 148 705 in
166 675 359 706 Plutonem.
387 676 501 705 Barth.

76 726 236 766 Supremae
274 726 380 764 sortis]
427 726 638 756 Divisionern
674 725 738 756 sra-

34 780 121 808 trum
139 778 290 807 Deorum
311 776 446 806 infinitis
475 786 561 816 pene
586 776 668 807 locis
682 776 738 806 Ti-

33 827 202 866 raqnollns
231 826 419 865 confirmat,
450 827 655 857 reclamante
688 830 736 856 ta-

33 886 109 906 men
129 877 331 906 Callimacho
350 876 380 905 in
395 877 516 916 hymno
531 877 639 907 JoviS.
665 877 736 916 Ego

34 931 116 966 puto
149 926 426 955 consuetudinem
464 925 553 955 illam
585 935 736 956 manasse

34 985 76 1007 ex
92 985 143 1013 co,
159 975 245 1015 quod
267 984 367 1014 regna
386 975 541 1013 ambigna
560 976 640 1005 sorti
660 975 735 1005 sul)-

28 1025 219 1066 jicerentur
234 1035 242 1062 ;
281 1024 369 1064 qnod
408 1023 449 1054 de
487 1023 665 1064 Tyrrheno
701 1028 736 1055 et

34 1075 126 1117 Lydo
141 1079 257 1105 narrat
272 1074 444 1105 Patercnl.
463 1075 559 1105 Rom.
584 1074 659 1105 hist.
676 1074 735 1105 lib.

35 1135 74 1157 11.
89 1125 183 1156 Serv.
201 1124 241 1155 ad
260 1134 299 1155 11.
314 1128 349 1156 ot
365 1133 450 1155 vin.
465 1125 596 1156 AEneid.
615 1129 649 1155 et
663 1135 736 1155 suc-

34 1175 221 1207 cessoribus
248 1173 434 1204 Alexandri
466 1175 644 1206 Plutarch.
672 1176 736 1205 Eu-

34 1235 152 1257 mene:
178 1225 255 1255 hine
280 1224 393 1255 Sidon.
411 1224 470 1255 lib.
488 1234 536 1255 νι.
560 1225 676 1265 Epigr.
704 1228 736 1255 6.

34 1277 44 1294 ‘
62 1276 173 1307 Limes
199 1275 352 1305 Gotliicae
371 1275 500 1305 sortisz’
523 1279 558 1305 et
580 1276 637 1306 lib.
656 1285 735 1305 vni.

38 1326 100 1366 Ep.
117 1328 147 1356 3.
170 1325 177 1340 ‘
196 1325 369 1355 Promotae
395 1325 536 1355 limitem
563 1325 686 1363 sortis}
704 1325 737 1355 id

33 1380 97 1414 est,
112 1375 227 1415 regni;
252 1374 338 1415 quod
358 1375 390 1404 in
408 1384 442 1405 re
461 1375 591 1406 incerta
607 1380 737 1406 tantum

34 1426 182 1457 valebat.
214 1426 251 1455 L.
269 1427 320 1455 sed
336 1435 414 1456 cum.
431 1425 475 1464 ff'.
492 1427 528 1455 de
540 1425 683 1463 judiciis.
701 1425 738 1456 L.

34 1475 197 1516 siquoe.ff
211 1475 318 1511 famil.
336 1475 532 1505 erciscundae.
578 1474 737 1515 Antiqui-

36 1531 86 1557 tas
104 1526 175 1566 ejus
190 1524 273 1555 ritus
289 1535 307 1555 a
322 1524 410 1554 bello
425 1524 586 1554 Thebano
600 1524 738 1564 petitur.

34 1577 122 1608 Stat.
139 1585 162 1607 1.
177 1575 282 1606 Theb.
305 1575 314 1591 ‘
331 1575 428 1605 Sorte
449 1574 595 1605 cadebat
611 1574 737 1605 dilatus

36 1626 207 1667 Polynicis
231 1624 369 1655 honor:’
393 1625 517 1664 etipse
546 1624 738 1663 Eumedes,

36 1679 58 1710 l.
74 1687 112 1710 11.
135 1678 144 1695 ‘
161 1688 234 1719 qnae
251 1677 430 1716 sorsjusta
446 1675 546 1706 mihi!
572 1675 716 1715 Dempst.

78 1733 139 1761 102
164 1728 323 1768 Signifer]
348 1728 533 1759 Zodiacum
551 1727 649 1767 dicit,
674 1737 738 1768 quo

37 1780 195 1820 intelligit
210 1780 318 1820 ipsum
336 1780 469 1810 coelum.
494 1778 610 1810 Barth.

81 1833 139 1862 103
157 1831 219 1861 Sed
230 1830 375 1860 thalamis
385 1830 478 1860 etiam
489 1829 646 1870 prohibes]
662 1829 738 1859 Non

39 1882 186 1912 thalamos
202 1881 360 1911 meliores
386 1880 504 1920 scripti
522 1884 557 1910 et
573 1880 739 1910 editiones

43 1933 232 1969 nonnullae;
255 1937 362 1963 recte.
406 1932 514 1962 Simili
531 1931 630 1962 modo
648 1931 738 1970 apud

40 1982 201 2014 Ovidium
218 1983 334 2014 multis
350 1983 434 2013 locis
451 1987 628 2022 peccatum
644 1993 651 2012 z
676 1990 740 2022 qua

41 2032 83 2063 de
101 2041 136 2062 re
156 2033 196 2062 ad
214 2032 305 2062 illum
324 2032 473 2072 poetam.
519 2034 646 2070 Caesar,
663 2033 683 2062 l.
701 2041 740 2062 ιι.

39 2081 80 2112 tle
110 2081 188 2112 bell.
218 2081 307 2112 Gall.
342 2083 350 2098 ‘
369 2082 426 2112 Sin
455 2083 562 2112 minus
589 2087 741 2121 possent,

39 2141 137 2172 agros
170 2131 369 2162 Rhemornm
403 2132 657 2171 popularentur,
685 2131 741 2172 qni

40 2190 160 2221 magno
189 2181 284 2212 nobis
312 2182 384 2212 usui
412 2182 453 2212 ad
478 2182 599 2213 bellum
625 2192 742 2222 geren-

41 2231 118 2262 dum
131 2237 240 2270 erant,
252 2237 511 2273 commeatuque
525 2237 656 2263 nostros
669 2243 742 2273 pro-

41 2280 218 2312 hiberent.’
263 2282 318 2312 Sic
346 2282 546 2313 veterrimus
573 2283 658 2313 liber
682 2284 743 2313 Lo-

42 2329 220 2368 aniensis,
235 2336 336 2371 atque
353 2332 399 2361 ita
421 2331 500 2362 alibi
515 2342 650 2373 quoqne
669 2334 741 2364 Car-

42 2389 115 2417 sar3
152 2381 250 2419 vulgo
276 2386 517 2422 commeatusque
535 2386 654 2413 nostros
677 2393 743 2413 sus-

41 2430 190 2460 tinebant.
249 2432 330 2461 Mox
364 2437 502 2471 quartus
540 2433 743 2471 Vaticanus,

43 2480 182 2511 Nereida
197 2481 304 2519 glauco
330 2482 492 2521 Neptunus
503 2492 555 2522 gr.
571 2493 597 2513 c.
615 2482 743 2523 Amphi-

41 2529 148 2561 triten.
173 2531 217 2560 D.
237 2530 352 2562 Heius.

86 2583 146 2610 105
175 2581 406 2619 Consnnguineo
419 2582 504 2621 sinu]
526 2583 628 2613 Soror
644 2583 744 2614 enim.

43 2629 87 2668 Jn
105 2629 289 2669 conjugum
315 2636 428 2661 autem
457 2632 592 2671 gremiis
618 2632 745 2662 inveni—

44 2683 105 2710 unt
120 2679 241 2710 solatia
258 2679 409 2710 laborum
428 2681 568 2711 Heroes.

89 2729 335 2769 Consanguineo]
356 2730 506 2760 Sororio.
534 2729 636 2762 Soror
650 2731 746 2762 Jovis

129 2782 241 2823 Delph.
254 2784 283 2812 ct
308 2780 378 2812 Γαῖ’.
393 2783 476 2814 Clas.

658 177 982 210 PROSERPINAE
1018 177 1112 207 Lm.
1148 178 1179 208 Ι.

720 2785 832 2816 Clund.

1385 169 1495 210 1633

791 270 893 302 Jnno.
919 269 1035 301 Barth.

835 324 897 351 106
925 320 1057 351 Latonia
1066 320 1176 360 furtu]
1205 319 1305 351 Unde
1323 319 1446 361 Apollo
1462 326 1497 353 et

792 371 914 402 Diana.
942 372 1038 401 Idem.

832 421 966 452 Latonia
977 421 1087 462 furtu]
1119 420 1214 452 Jovis
1232 420 1403 451 adulteria
1420 430 1498 452 can-

790 475 907 502 tarunt
936 471 1049 502 Graeci
1078 472 1260 512 Latinique
1287 471 1428 502 Poetae:
1453 481 1497 502 ex

790 522 921 553 Latona
952 522 1102 562 suscepit
1134 522 1329 562 Apollinem
1352 527 1386 553 et
1415 522 1499 553 Dia-

790 583 883 605 nam:
923 584 965 605 ex
996 575 1121 606 Cerere
1151 574 1416 614 Proserpinam:
1454 583 1498 605 ex

787 625 949 655 Themide
970 624 1148 655 Asu-mam.
1174 624 1320 663 Dempst.

833 677 893 705 107
920 674 1080 714 Cererem]
1104 674 1203 704 Unde
1220 673 1442 713 Proserpina.

834 725 1042 764 Magnumque
1070 724 1215 764 Themin]
1248 724 1347 755 Hanc
1363 733 1496 766 quoque

790 776 986 814 complexus
1003 780 1055 806 est
1070 776 1174 806 bonus
1187 776 1244 806 ille
1258 776 1411 815 Jupiter.

835 826 986 865 emundi]
1022 826 1230 858 Generandi.
1284 827 1339 857 Sic
1369 828 1498 857 Creato-

790 885 851 905 rem
869 885 960 914 saepe
991 876 1163 907 Eunodius
1191 885 1252 916 pro
1279 881 1377 916 patre
1403 885 1498 907 usur-

790 929 859 964 pat.
888 925 1001 957 Barth.

835 975 904 1005 Tibi
919 979 1007 1006 tauta
1025 975 1166 1014 creandi]
1219 976 1261 1007 Q.
1278 974 1310 1005 d.
1335 976 1399 1005 Tot
1415 985 1498 1006 arva

790 1024 952 1063 genitalia
968 1024 1030 1054 tibi
1047 1028 1124 1054 sunt
1146 1024 1315 1063 exposita,
1332 1028 1370 1054 ut
1386 1024 1499 1055 ubivis

790 1083 892 1113 queas
910 1082 1083 1104 vomerem
1101 1071 1220 1112 figere.
1248 1073 1400 1103 Venuste
1417 1082 1498 1104 vero

788 1124 918 1154 Seneca
936 1123 1025 1154 ridet
1039 1123 1126 1153 hunc
1152 1121 1275 1153 sobolis
1293 1126 1499 1162 propagato-

791 1183 874 1213 rem,
890 1183 1048 1214 qnaerens
1064 1183 1124 1203 cnr
1141 1177 1219 1213 post
1235 1176 1285 1204 tot
1301 1177 1400 1204 natos
1417 1173 1498 1204 libe-

791 1233 845 1254 ros
861 1224 1063 1254 sterilescat.
1090 1224 1214 1253 Cluver.

838 1276 899 1302 108
936 1274 1088 1303 Natorum
1117 1273 1207 1303 turba
1235 1275 1374 1314 coronat]
1411 1274 1499 1306 Sunt

791 1322 880 1353 enim
897 1322 1024 1362 copiosi
1041 1322 1089 1352 illi
1110 1327 1343 1353 ornamentum
1361 1323 1498 1355 unicum

792 1372 968 1403 felicitatis
993 1377 1158 1413 paternas.
1208 1373 1329 1403 Corona
1351 1372 1498 1404 circulus

792 1427 856 1460 est,
880 1423 996 1464 itaque
1021 1423 1150 1453 circulo
1174 1423 1320 1463 quodam
1336 1427 1494 1455 natorum

792 1472 910 1502 ambiri
927 1473 1047 1504 Jovem
1066 1473 1125 1503 ait.
1151 1473 1268 1504 Barth.

835 1522 927 1552 Felix
948 1525 1091 1552 natorum
1108 1522 1215 1561 turba]
1255 1523 1263 1539 ‘
1284 1523 1350 1554 Qui
1371 1523 1498 1554 liberos

792 1572 906 1613 plures
920 1571 1185 1612 habebat,prior
1194 1571 1301 1603 fasces
1316 1573 1498 1612 sumebat‚'

791 1634 833 1655 ex
847 1624 964 1664 capite
980 1624 1126 1664 septimo
1143 1624 1242 1663 Legis
1259 1618 1374 1656 Julian.
1402 1625 1495 1656 Gell.

789 1676 811 1705 l.
826 1683 865 1705 11.
882 1678 931 1706 15.
944 1678 1059 1705 notum
1074 1675 1185 1714 estjns
1197 1674 1297 1704 trium
1309 1674 1497 1705 liberorum

789 1725 929 1756 habenti
946 1725 1051 1755 multa
1068 1734 1169 1764 snpra
1187 1723 1269 1754 alios
1288 1724 1433 1761 licuisse,
1455 1735 1498 1755 ex

790 1774 962 1805 Martiale.
993 1775 1089 1805 Suet.
1121 1774 1206 1805 Caes.
1235 1784 1311 1814 cap.
1337 1777 1390 1805 20.
1452 1775 1498 1806 Et

789 1824 928 1863 ἀτεκνία,
951 1824 1052 1864 primi
1077 1824 1214 1855 divortii
1240 1833 1358 1855 caussa
1376 1834 1417 1855 ex
1433 1826 1499 1855 Va-

790 1877 852 1906 ler.
878 1875 936 1905 lib.
954 1884 993 1906 11.
1012 1878 1042 1905 1.
1071 1879 1105 1905 et
1123 1875 1214 1906 Geli.
1231 1874 1291 1905 lib.
1309 1884 1402 1906 xvu.
1419 1884 1497 1915 cap.

790 1926 852 1957 ult.
869 1931 903 1956 et
920 1935 970 1956 1v.
985 1928 1015 1955 3.
1035 1925 1268 1956 Halicarnass.
1288 1923 1345 1956 lib.
1359 1935 1398 1956 11.
1415 1925 1500 1957 Ideo

791 1978 799 1994 ‘
815 1976 948 2007 felicem
961 1980 1115 2006 natorum
1128 1975 1274 2005 turbam'
1288 1979 1398 2013 vocat,
1409 1974 1498 2015 qnod

790 2028 897 2058 multa
935 2025 1111 2057 commoda
1151 2024 1311 2055 afferret:
1352 2030 1389 2056 ut
1419 2029 1498 2065 post

791 2080 800 2096 ⁴
819 2078 943 2119 gaudia
959 2077 1066 2107 nostri
1084 2076 1275 2116 sanguinis?
1298 2077 1441 2116 Dempst.

836 2132 897 2160 109
926 2130 1056 2160 Deserta
1068 2127 1154 2166 nula]
1172 2126 1304 2157 Alludit
1317 2126 1373 2156 illa
1387 2126 1499 2156 Didus

792 2180 882 2220 apud
912 2180 1111 2210 Maronem:
1137 2179 1146 2193 ⁴
1164 2178 1190 2207 si
1217 2177 1290 2217 quis
1317 2176 1396 2207 mihi
1424 2186 1500 2217 par-

792 2231 888 2260 vulus
906 2230 982 2260 aula
1000 2228 1149 2259 Luderet
1167 2227 1311 2258 AEneas!

838 2280 989 2319 Maerens]
1023 2278 1230 2318 Imperfecta
1261 2278 1350 2308 enim
1382 2277 1500 2308 domus

793 2332 863 2362 sine
876 2331 1003 2369 liberis,
1019 2335 1054 2359 nt
1068 2328 1149 2359 alibi
1161 2328 1320 2369 loquitur.
1344 2328 1388 2357 Et
1399 2327 1500 2357 filiam

792 2383 839 2413 sic
859 2381 981 2420 gandia
998 2385 1097 2410 vocat
1114 2379 1242 2410 matris.
1266 2379 1381 2410 Barth.

837 2436 898 2464 110
932 2430 1135 2471 Imptucidas]
1173 2430 1356 2470 Nunquam
1388 2428 1501 2470 quies·

794 2489 920 2515 centes.
946 2483 1042 2513 Idem.

840 2536 898 2563 111
929 2532 999 2562 Non
1015 2532 1090 2562 adeo
1107 2531 1267 2561 toleranda
1282 2528 1382 2569 quies]
1421 2529 1499 2559 Non

794 2583 858 2613 huc
875 2592 979 2622 nsque
995 2591 1030 2611 se
1045 2579 1211 2611 extendat
1228 2579 1284 2610 ille
1302 2582 1416 2608 noster
1434 2582 1501 2607 tor-

796 2642 857 2673 por
892 2631 1105 2669 notissimns3
1145 2631 1260 2670 placet
1301 2638 1380 2659 vero
1411 2635 1500 2658 nunc

796 2683 904 2713 otium
920 2682 1000 2713 illud
1020 2691 1197 2722 seponere.

840 2732 1020 2763 Primordia
1033 2731 1144 2770 testor]
1167 2730 1318 2762 Arcanas
1339 2727 1500 2767 origlnes,

1339 2785 1357 2811 5
1385 2781 1413 2812 1.
