1763 3116
314 133 542 167 EPlTHAL.
574 129 815 163 PALLADH
852 130 911 160 ET
940 128 1220 159 CELERINAE.

45 237 116 271 ton,
138 235 173 263 et
195 230 321 262 Idalias
345 229 462 271 procul
489 227 662 266 ablegasse
687 235 744 256 vo-

41 284 156 331 kncres
173 280 320 313 Fertur.'
364 279 419 309 Sic
441 276 530 317 apud
557 275 744 306 Lucianum

45 333 188 373 dialogis
228 331 392 367 Deorum,
421 326 555 367 judicio
597 324 746 363 Paridis,

38 384 181 424 jubetur
197 382 310 410 Venus
337 382 464 408 cestum
491 376 679 416 deponere,
703 383 744 405 ne

45 442 85 464 eo
116 437 272 471 tanquam
302 427 482 468 praestigiis
513 425 667 466 judicem
697 426 746 456 in-

44 487 171 515 cantet.
205 481 252 511 D.
274 480 382 510 Heius.

89 532 197 562 Exute
234 530 423 560 translucent
463 532 584 569 pectore
602 525 746 566 frondes]

45 581 227 614 Albissimo
244 581 381 611 virides.
417 580 532 611 Barth.

86 634 106 662 8
135 631 278 661 Vicissim
298 629 405 669 Nea-a]
429 630 485 660 Ita
508 634 544 659 ut
568 637 669 659 unum
696 637 748 659 or-

43 679 133 719 bem,
163 690 262 711 unam
294 684 449 710 catenam
484 679 593 719 jaciat
627 678 748 709 chorus

45 732 158 762 trium.
193 729 288 761 Idem.

87 785 107 812 9
133 780 264 819 Gratia]
301 780 414 812 Quare
442 779 563 809 Comes
594 777 752 815 Veneris,

45 836 183 862 enarrat
206 831 347 861 Seneca.
393 829 520 860 Noster
548 828 651 858 etiarn
675 826 750 857 dor-

45 881 188 911 mientes
219 889 320 910 nexas
366 878 463 917 facit,
491 888 533 909 ne
565 877 750 908 Gratitudo

46 931 180 961 scilicet
197 930 265 960 ullo
283 935 436 970 tempore
459 929 621 959 memoria
639 930 749 957 exeat.

48 981 146 1012 Idem.

92 1034 131 1062 10
167 1030 302 1061 Pennati
329 1028 434 1070 pueri]
472 1029 604 1059 Horum
632 1027 750 1066 ingens

47 1081 216 1112 exereitus
233 1080 336 1120 juxta
350 1080 533 1118 Venerem,
550 1078 640 1108 illius
666 1077 752 1108 Filio

49 1131 154 1171 Rege.
182 1131 279 1161 Idem.

105 1180 174 1215 Quo
187 1189 331 1220 quemque
347 1179 480 1219 vocarit]
519 1178 655 1209 Vacabat
672 1176 752 1208 Am-

49 1231 136 1262 bros.
154 1235 236 1270 puto
252 1234 386 1261 vocarat.
426 1231 469 1261 D.
489 1230 610 1260 Heius.

96 1284 133 1311 11
161 1280 326 1320 Rumisque
349 1279 572 1320 propinquant]
625 1278 754 1318 Propin-

51 1330 118 1370 quis
132 1341 143 1367 ;
159 1335 195 1360 et
209 1340 284 1360 mox
300 1332 464 1369 pendentes
475 1339 548 1360 cum
562 1328 755 1360 melioribus

54 1380 190 1420 scriptis
230 1379 423 1418 legendum,
461 1389 527 1409 non
562 1379 756 1418 prudentes;

53 1430 143 1471 quod
182 1434 217 1460 et
248 1429 498 1469 Raplielengius
536 1429 639 1459 vidit:
660 1428 756 1468 prim.

53 1480 211 1510 Vaticau.
228 1484 263 1509 et
278 1478 433 1510 Ambros.
448 1479 581 1519 pendent
591 1482 639 1509 et.-
655 1478 757 1508 etiam

56 1530 258 1561 Oiselianus.
290 1528 385 1560 Idem.

98 1580 266 1620 Rumisque
315 1579 538 1619 propinquant]
595 1579 643 1609 Ut
690 1587 758 1609 non

53 1630 153 1669 longe
205 1630 248 1660 ab
300 1630 471 1661 Praetorio
522 1629 758 1670 Imperatricis

55 1679 353 1711 armamentarium
399 1679 542 1711 Amores
586 1679 759 1711 finxerint.

57 1732 173 1763 Barth.

100 1785 141 1813 12
175 1782 341 1823 Suspirant
377 1781 465 1821 igne]
501 1781 645 1822 Sagittae
671 1782 758 1813 enim

56 1833 134 1874 igne
161 1838 322 1863 armatae:
355 1832 447 1872 Ignis
472 1832 661 1863 scintillans
690 1842 760 1863 sus-

58 1884 172 1924 pirare
210 1882 456 1925 quodammodo
494 1882 646 1922 videtur,
683 1883 762 1923 quia

57 1944 228 1976 nunquam
258 1933 439 1966 Amatores
469 1933 540 1965 sine
570 1934 763 1974 gemitibus.

62 1985 160 2016 Idem.

104 2037 143 2065 13
169 2035 251 2065 Pars
266 2034 395 2074 vigiles]
422 2035 595 2073 Pervigiles
610 2035 718 2066 ludunt
733 2037 763 2065 et

56 2095 115 2126 per
127 2085 224 2126 prim.
238 2086 352 2116 Vatic.
367 2090 402 2116 et
414 2084 573 2116 Ambros.
589 2086 634 2116 D.
649 2086 763 2116 Heius.

106 2138 146 2166 14
179 2135 367 2166 Ser-utantur
387 2136 476 2166 nidos
500 2135 620 2175 avium]
666 2136 766 2167 Nidos

61 2185 118 2215 alii
147 2185 352 2225 legendum3
387 2185 452 2215 nisi
479 2186 598 2225 mavis,
628 2189 681 2216 aul
708 2196 766 2226 per

62 2235 199 2274 virgulta
214 2239 362 2274 vagantes
381 2235 452 2276 (vel
468 2236 593 2276 vagati)
617 2236 766 2267 Scrutun-

62 2289 115 2316 tur
130 2286 218 2316 nidos
234 2286 357 2317 atium:
381 2286 448 2324 vel,
473 2289 528 2316 aut
550 2296 605 2326 per
627 2286 767 2325 virgulta

64 2340 219 2374 vagantur
243 2336 386 2367 scrutati
410 2337 498 2366 nidos
521 2337 635 2367 arium.
682 2337 766 2367 Mox

67 2385 298 2427 proflexusque
313 2390 502 2427 sequuntur:
526 2390 637 2427 quart.
653 2386 767 2416 Vatic.

59 2436 262 2477 flexumqum
284 2438 359 2478 lege
367 2437 535 2477 flexumre.
573 2436 681 2467 Idem.

112 2488 151 2516 15
176 2487 299 2517 Donum
328 2486 468 2525 Veneris]
492 2486 619 2517 Veneri
643 2486 769 2517 donan—

69 2535 160 2567 dum.

112 2586 287 2625 flexusque
315 2590 482 2626 sequuntur
499 2585 662 2626 Palmitis]
700 2587 769 2617 Re-

69 2643 158 2681 punt.
173 2637 215 2668 ad
236 2638 409 2677 palmitum
430 2638 634 2669 curvamina.
672 2639 771 2669 Levi-

67 2692 177 2720 tatem
206 2687 334 2718 indicat
364 2688 460 2718 simul
489 2693 524 2719 et
550 2689 771 2728 petulantiam

72 2739 246 2771 Amorum.
282 2739 397 2771 Barth.

1386 118 1502 161 1613

838 227 879 254 16
922 222 1044 262 Ulmos]
1097 221 1229 254 Quibus
1259 220 1346 251 vites
1378 220 1500 253 affixae.

796 274 911 305 Barth.

840 328 879 355 17
918 323 1099 362 Defendunt
1137 322 1194 352 alii
1233 319 1348 359 lucum]
1404 319 1503 350 Lucos

796 377 895 418 prim.
926 381 960 406 et
992 379 1102 416 quart.
1132 374 1247 404 Vatic.
1279 377 1315 403 et
1345 371 1505 404 Ambros.

798 428 890 467 Lege
916 428 992 464 luco,
1020 431 1056 456 ct
1078 425 1156 455 vide
1183 434 1258 465 quae
1291 423 1437 453 diximus
1462 421 1505 452 ad

796 478 855 508 lib.
872 486 927 508 111.
942 478 974 508 in
991 476 1122 507 Stilich.
1143 478 1214 506 171.
1247 475 1291 505 D.
1309 474 1419 504 Heme.

840 528 972 568 Lucum]
1005 528 1158 559 Nemora
1188 526 1299 556 ‹lensis
1330 523 1506 555 arboribus

799 579 919 610 obsita.
965 578 1104 609 Talibus
1130 577 1195 608 coli
1224 574 1359 606 volebat
1373 573 1508 605 Auctor

799 631 940 661 malitiae
958 630 1019 660 sub
1037 628 1207 670 plerisque
1230 626 1414 658 Numinum
1432 634 1509 666 per-

801 682 902 712 sonis.
941 681 1056 712 Bai-eli.

843 734 884 762 20
908 731 1048 762 Lascivis
1081 729 1212 770 Faunis]
1239 727 1307 762 Qui
1334 727 1510 768 finguntur

802 781 969 812 obscoenis
997 780 1103 812 modis
1125 781 1160 811 in
1180 780 1352 811 Venerem
1370 787 1508 820 semper

802 833 924 871 parati.
957 832 1054 862 Idem.

845 884 885 911 22
912 881 1023 912 Fuusti
1038 881 1179 921 plausus]
1205 881 1430 921 Hymenaeum
1447 877 1511 910 ite-

802 931 963 962 rantium.
1001 931 1088 962 Nam
1112 935 1191 961 ante
1217 931 1306 962 ostia
1335 931 1511 961 domorum

803 981 923 1022 quibus
952 982 1083 1021 nuptiae
1114 980 1381 1020 incelebrandae,
1412 989 1511 1012 cane-

803 1031 905 1062 batur
922 1030 1117 1061 tibicinibus
1135 1031 1283 1071 Hymen,
1299 1030 1512 1060 acclamante

805 1081 943 1121 populo,
962 1085 1000 1111 ut
1024 1079 1148 1111 clarum
1176 1080 1229 1110 vel
1251 1088 1293 1109 ex
1320 1078 1514 1109 Comoediis.

806 1133 884 1165 Quo
914 1131 1116 1162 illustriores
1145 1129 1276 1171 sponsi,
1300 1138 1341 1160 eo
1369 1128 1514 1168 amplior

805 1183 942 1223 plausus
971 1181 1100 1223 populi.
1158 1180 1250 1212 Ante
1280 1179 1369 1211 ostia
1400 1182 1515 1210 autem

807 1232 1021 1273 Nuptialium
1041 1237 1109 1263 tam
1128 1231 1241 1272 sponsi
1262 1240 1362 1272 quam
1382 1239 1514 1270 sponsae

807 1282 850 1321 (si
869 1281 968 1321 tales)
995 1281 1131 1320 aedium,
1156 1281 1262 1312 omnis
1283 1280 1516 1320 magistratus,

808 1331 914 1361 omnis
932 1340 1111 1370 procerum
1129 1331 1241 1370 copia,
1253 1335 1288 1362 et
1304 1330 1398 1370 vulgi
1414 1329 1516 1361 turba

809 1381 943 1420 aderat,
969 1390 1064 1411 mane
1082 1380 1202 1421 primo.
1237 1380 1333 1410 Idem.

852 1434 892 1462 23
916 1432 1045 1462 Auditce
1059 1440 1114 1470 per
1129 1440 1205 1461 rura
1221 1429 1313 1471 Iyroe]
1333 1429 1428 1461 Tuhae
1443 1433 1517 1470 opt.

810 1481 929 1512 Ambr.
963 1482 1009 1511 D.
1029 1481 1142 1511 Heius.

856 1530 1002 1562 Celerina
1026 1539 1084 1570 per
1115 1530 1232 1569 omnes]
1271 1529 1325 1560 Ad
1355 1529 1517 1560 honorem

811 1592 944 1624 sponsae
976 1581 1128 1622 pertinet
1158 1581 1258 1621 longe
1281 1581 1417 1620 lateque
1442 1580 1519 1611 cani

812 1633 1059 1672 Hymena‘unu
1084 1631 1118 1661 id
1146 1631 1237 1672 quod
1264 1630 1348 1661 adeo
1365 1639 1521 1661 necessa·

812 1685 899 1715 rium
926 1683 1109 1724 putabant,
1137 1687 1175 1713 ut
1198 1681 1435 1713 deficientibus
1461 1681 1521 1711 liu-

812 1733 919 1764 manis
935 1732 1092 1764 cantibus
1115 1731 1280 1762 inanimas
1297 1731 1388 1771 ipsas
1405 1740 1459 1762 res
1477 1731 1520 1761 ad

812 1784 1029 1816 concubitum
1058 1783 1228 1823 nuptiales
1256 1782 1336 1814 odas
1366 1782 1521 1814 accinet-e

814 1836 1027 1866 dictitarent.
1066 1835 1183 1866 Bartli.

858 1889 898 1916 27
924 1886 1064 1917 Detersit
1091 1886 1200 1925 pollice
1225 1883 1376 1923 somnum]
1401 1884 1451 1915 Ut
1472 1893 1523 1915 so-

815 1936 887 1967 lent
914 1935 1068 1966 manibus
1097 1936 1212 1967 oculos
1239 1940 1377 1975 tergere
1403 1943 1523 1965 somno

816 1986 969 2018 excitati.
1004 1985 1101 2017 Idem.

859 2039 900 2067 28
929 2036 1030 2076 thue
1055 2039 1122 2066 erat
1146 2035 1307 2074 interjecta
1330 2035 1443 2075 comas]
1465 2032 1523 2065 Sic

817 2086 917 2127 prim.
943 2090 978 2116 et
1005 2090 1085 2116 tert.
1100 2086 1213 2117 Vatic.
1235 2086 1358 2126 aliique
1375 2084 1526 2115 nonnulli

818 2147 860 2168 ex
892 2136 1099 2167 melioribus.
1161 2137 1262 2176 thue
1291 2135 1362 2173 suit
1401 2135 1526 2165 intexta

819 2188 966 2228 quinque
985 2187 1115 2226 scripti.
1153 2187 1255 2227 thue
1274 2186 1344 2223 fuit
1366 2185 1526 2223 interjecta

819 2236 898 2267 duo.
949 2236 1051 2276 thue
1068 2235 1138 2274 fuit
1160 2236 1277 2267 intecta
1292 2236 1348 2267 alii
1367 2241 1527 2276 quatuor.

824 2288 926 2326 thue
941 2290 1009 2316 erat
1026 2286 1148 2316 intexta
1165 2287 1308 2317 anens.
1340 2285 1395 2316 An
1412 2286 1527 2324 legeu-

821 2338 900 2368 dum
927 2338 1030 2376 L‘tque
1056 2340 1123 2367 erut
1147 2337 1301 2376 ἐπάρματα
1324 2345 1434 2374 comas,
1460 2335 1528 2371 vel,

820 2385 1004 2427 indigesta?
1038 2391 1108 2427 opt.
1137 2386 1294 2418 Ambros.
1337 2387 1436 2425 thue
1458 2384 1527 2422 suit

820 2440 953 2469 detecta.
978 2437 1230 2478 Rottendorpli.
1263 2438 1366 2477 thue
1392 2439 1457 2466 eral
1481 2435 1531 2464 iri-⁷

820 2492 923 2520 tecta:
959 2498 1028 2519 sec.
1052 2489 1166 2519 Vatic.
1213 2488 1316 2527 thue
1338 2489 1406 2517 erat
1432 2485 1528 2514 inter-

821 2542 921 2569 texta.
956 2539 1059 2569 Forte
1077 2548 1137 2578 pro
1158 2538 1271 2576 rejecta
1299 2542 1357 2567 aut
1380 2535 1529 2573 neglecta.

822 2588 965 2625 Statius,
980 2587 1090 2619 Theb.
1114 2597 1165 2619 tv.
1189 2589 1198 2605 ‘
1213 2588 1370 2626 neglecta
1387 2592 1529 2621 comam,

823 2648 887 2669 nec
905 2639 1001 2669 dives
1020 2639 1169 2669 amictu.'
1191 2637 1337 2677 Gyrald.
1356 2632 1527 2673 thuesuit

823 2689 949 2719 turbata
965 2699 1076 2719 comas.
1114 2689 1198 2719 Mox
1215 2697 1276 2727 pro
1292 2685 1418 2716 turbata
1433 2683 1528 2722 cupil-

825 2740 880 2779 los,
910 2740 1055 2770 Lueens.
1081 2738 1208 2768 intecta.
1244 2733 1388 2774 Gyrald.
1416 2733 1530 2764 merita
