1763 3116
384 157 445 186 DE
478 153 641 185 RAPTU
676 152 998 183 PROSERPINAE
1036 152 1127 182 LlB.
1159 153 1190 182 1.

61 247 123 279 bus
141 247 395 288 triumphalibus
415 247 568 277 Bacchus
585 244 697 285 junxit
715 244 755 275 ti-

58 308 149 339 gres.
173 298 276 330 Ovid.
293 307 317 328 1.
341 297 456 328 Amor.
482 296 579 334 Eleg.
599 303 638 325 n.
661 294 754 324 Mar-

60 349 130 379 tial.
148 349 206 379 lib.
223 356 301 378 vm.
318 347 433 386 Epigr.
449 348 499 376 26.
516 350 632 375 noster
646 344 689 374 de
704 353 753 375 iv.

60 398 202 429 Honorii
229 397 430 428 Consulatu:
464 396 473 411 ‘
502 395 591 425 irent
621 394 752 425 blandae

59 447 122 478 sub
140 445 272 477 vincula
288 445 392 484 tigres
405 444 424 475 :'
447 443 522 474 ideo
545 445 606 474 hoc
623 443 754 483 fictum,

60 496 146 537 quod
179 496 289 525 vinum
321 493 445 525 ferocia
476 504 621 535 quaeque
651 494 754 524 corda

57 545 183 576 domet.
223 544 378 583 Fulgeut.
402 544 590 584 My'tholog.
619 553 657 576 11.
688 546 754 576 Νο-

56 601 125 625 turn
156 594 236 624 satis
264 594 382 625 heroas
424 594 568 635 pellibus
606 593 753 626 serarum

56 644 170 675 vestiri
187 644 304 674 solitos
332 654 412 684 quas
439 650 678 684 superassent:
704 647 753 676 sic

54 695 199 726 Herculi
217 695 348 734 Leonis,
376 702 412 725 ut
438 702 470 726 et
500 695 754 735 Autaeo‚datur

56 750 184 786 tergus.
208 746 296 776 Stat.
312 755 362 776 x1.
378 746 482 777 Theb.
499 756 586 776 ursae
603 745 753 777 Acestae.

54 796 142 827 Stat.
168 796 226 827 lib.
243 805 267 826 1.
293 797 348 826 Sil.
365 798 396 827 2.
420 798 428 812 ‘
447 795 566 826 flavam
583 797 753 827 maculoso

55 846 199 877 nebrida
217 847 332 885 tergo)
346 846 460 877 Sidou.
476 856 578 877 carm.
594 855 629 878 x.
647 846 753 886 princ.

55 897 127 928 Imo
157 903 191 928 et
216 897 362 927 Bacchae,
389 897 437 927 sic
455 897 604 927 indutae:
638 897 753 927 Sidon.

53 956 154 977 carm.
170 955 220 976 xr.
243 947 252 962 ‘
273 947 445 976 Distincta
470 947 559 977 latus
582 947 754 977 maculosa

52 995 193 1027 nebride
216 995 357 1034 Thyas.’
392 994 537 1024 Auratos
558 1004 686 1033 ungues
710 995 752 1025 ad

50 1044 207 1076 mimesin
224 1044 338 1081 Statii,
366 1052 416 1075 vr.
429 1043 535 1074 Theb.
559 1047 567 1060 ⁶
582 1048 752 1075 extremos

53 1106 132 1128 auro
148 1099 386 1126 mansueverat
402 1094 554 1135 ungues!
585 1094 730 1134 Dempst.

94 1146 249 1177 Parthica
274 1146 354 1176 relat
382 1143 505 1183 Tigris]
540 1145 633 1175 Unus
657 1145 752 1176 Med.

53 1196 206 1226 Parthia:
230 1196 278 1225 sic
295 1195 432 1226 Arcadia
453 1205 578 1225 nemora
605 1205 666 1235 pro
693 1197 754 1227 Ar·

51 1245 158 1277 cadica
185 1245 274 1285 apud
298 1246 462 1276 Senecam
496 1245 644 1276 Hercule
674 1247 752 1278 Fur.

52 1297 86 1327 in
114 1301 246 1327 vetusto
275 1296 484 1335 exemplari:
510 1300 629 1326 noster
644 1296 754 1326 Arme-

52 1347 106 1377 m'a
121 1357 174 1377 ora
190 1355 240 1376 lv.
260 1346 358 1376 Cons.
377 1346 465 1376 Hon.
485 1346 599 1376 Gallice
613 1347 755 1377 mulieres

52 1397 176 1428 Salust.
194 1397 283 1437 apud
302 1397 445 1427 Nonium
463 1407 469 1426 :
489 1397 656 1427 Pharsalia
673 1400 754 1428 tecla

54 1447 203 1478 Catullo:
236 1457 313 1486 gens
337 1447 489 1486 Massylia
516 1448 598 1478 Luc.
624 1447 683 1477 lib.
703 1456 752 1478 iv.

51 1499 87 1528 et
113 1497 243 1527 similia.
279 1495 401 1536 Πάρθιοι
421 1495 525 1535 ἄνδρες
555 1497 628 1536 pari
653 1497 753 1527 modo

51 1549 140 1590 apud
172 1548 423 1580 Anacreontem
450 1548 518 1579 Od.
544 1557 597 1580 Lv.
626 1549 753 1579 Acrisia

49 1600 150 1639 puella
166 1609 227 1640 pro
244 1599 443 1630 Acrisionea
452 1599 605 1639 Sulpicio
623 1600 753 1640 Luper-

51 1660 92 1681 co
115 1650 148 1681 iu
169 1649 358 1680 Catalectis
388 1649 525 1680 Pithoei.
560 1649 681 1689 Lydius
707 1649 754 1679 in-

44 1699 120 1737 fans
137 1705 169 1730 et
186 1700 287 1739 Lydia
304 1699 391 1737 virgo
407 1709 469 1738 pro
486 1699 567 1729 Lida
584 1699 616 1729 in
633 1698 753 1730 iisdem

51 1750 256 1781 Catalectis:
284 1750 411 1780 Graecia
427 1750 517 1779 tellus
533 1749 566 1779 in
581 1749 754 1788 Periegesi

51 1800 231 1832 Prisciani.
269 1800 431 1830 Mausolus
452 1809 507 1830 rex
532 1802 625 1830 terrae
648 1799 753 1830 Cariae

52 1850 210 1882 Ciceroni
228 1850 318 1890 apud
336 1850 497 1887 Gellium,
521 1849 606 1879 libro
628 1857 662 1880 x.
679 1858 752 1889 cap.

52 1903 101 1932 18.
151 1901 339 1931 Eurimedon
372 1900 589 1940 Pamphylium
622 1901 754 1940 flumen,

52 1960 112 1991 pro
124 1951 312 1991 Pamphylo
324 1950 413 1991 apud
426 1950 653 1990 Ammianum,
667 1950 753 1981 libro

52 2008 146 2030 xvu.
169 2000 212 2031 D.
231 2000 342 2030 Heius.

97 2052 135 2079 19
170 2049 265 2079 Ebria
288 2049 437 2088 vestigia]
471 2050 570 2080 More
602 2048 752 2080 ebrioso-

53 2108 137 2135 rum,
152 2103 190 2129 ut
207 2099 380 2129 Bacchum
397 2099 510 2129 decet.
537 2099 651 2131 Barth.

95 2149 265 2189 Ilffceonius]
289 2150 442 2180 Maeoues
459 2149 602 2190 antiquo
618 2149 754 2180 nomine

49 2199 139 2241 Lydi
157 2200 269 2230 vocati
285 2205 376 2237 sunt,
397 2204 434 2229 ut
451 2199 611 2229 discimus
626 2208 667 2229 ex
687 2198 755 2229 He-

52 2249 191 2281 rodoto:
231 2249 322 2290 apud
353 2259 411 2280 eos
446 2249 623 2289 praecipuo
661 2249 755 2280 cultu

52 2300 204 2332 Bacchus
218 2300 407 2331 colebatur.
433 2300 583 2331 Parrhas.

100 2349 201 2380 Fulcit
221 2349 369 2389 vestigia]
405 2348 474 2380 Alii
492 2349 628 2390 firmat,-
651 2354 755 2380 recte.

52 2399 181 2439 Thyrso
198 2405 311 2430 autem
338 2400 370 2429 in
398 2400 460 2431 hoc
487 2399 663 2440 negotium
681 2404 754 2430 ute-

54 2448 178 2479 bantur
195 2449 316 2487 Mystae
337 2449 475 2489 Bacchi,
508 2450 680 2489 Principis
705 2449 755 2480 sui

56 2499 253 2530 aernulantes
266 2509 402 2531 morem.
419 2501 540 2541 Virgil.
551 2510 606 2531 111.
619 2500 755 2532 AEnei'd.

55 2550 64 2566 ‘
82 2548 219 2578 Trunca
235 2558 365 2580 manum
383 2551 481 2590 pinus
498 2551 586 2591 regit
602 2555 638 2581 et
656 2551 757 2582 vesti-

58 2599 112 2639 gia
129 2598 264 2628 firmat!

106 2647 262 2687 Vestigia]
286 2647 408 2679 Pedes.

104 2695 247 2738 Thyrsis]
270 2697 421 2738 'thyrsus
441 2702 494 2729 est
509 2698 609 2730 hasta
623 2697 756 2730 hederis

1394 144 1506 186 1627

807 244 969 274 involuta.
994 244 1108 275 Barth.

852 294 997 324 Moeoniis
1004 293 1101 331 fulcit
1117 293 1250 331 vestigia
1266 292 1395 333 thyrsis]
1411 294 1506 325 Moeo-

805 344 875 374 nius
887 344 1001 385 firmat
1024 345 1158 383 vestigia
1180 344 1305 384 thyrsus
1330 343 1504 375 meliores:

807 395 863 426 alii
885 395 980 437 figit,
1019 396 1128 426 minus
1167 395 1264 426 bene.
1313 395 1409 434 Virg.
1449 403 1507 426 ιιι.

806 445 941 477 AEne‘i'd.
963 447 972 462 ‘
989 446 1123 476 Trunca
1137 455 1268 477 manum
1294 446 1392 486 pinus
1420 446 1508 486 regit

806 500 841 526 et
860 496 1004 536 vestigia
1019 495 1154 527 firmat!
1179 498 1306 527 Lucan.
1325 504 1374 526 ιν.
1393 496 1507 526 ‘Dum

806 545 900 577 labat
928 551 963 577 et
988 545 1055 576 fixo
1082 546 1195 577 firmat
1214 546 1357 585 vestigia
1373 545 1509 586 thyrso!

805 595 948 633 Statim,
977 596 1083 626 Theb.
1116 605 1157 626 ιι.
1191 597 1200 612 ⁴
1228 595 1368 626 Medica
1395 595 1509 627 firmat

807 646 952 686 vestigia
969 646 1083 685 virga)
1128 649 1136 664 ‘
1154 647 1303 677 Firmare
1317 650 1418 677 conto
1436 655 1508 677 ves-

808 696 899 735 tigia‘
924 696 1012 736 apud
1043 696 1217 727 Sidonium
1245 695 1412 736 Majorani
1443 695 1509 725 Pa·

806 746 979 785 negyricm
1019 750 1054 777 et
1102 747 1330 786 Epithalamio
1367 745 1509 785 Ruricii,

805 797 815 812 ‘
839 796 982 836 vestigia
1013 797 1122 836 pinnis
1153 796 1311 827 firmare.'
1357 796 1508 826 Alcimus

807 846 942 885 Avitus,
959 847 1014 877 lib.
1031 856 1055 877 1.
1080 848 1088 864 ⁴
1107 847 1223 887 Surgit
1250 850 1286 877 et
1313 845 1437 876 erectis
1454 844 1510 876 fir-

806 901 876 927 mat
918 897 1061 936 vestigia
1101 896 1253 936 plantis.’
1303 897 1430 927 Noster
1456 904 1507 926 ιν.

808 946 909 977 Cous.
927 947 1016 978 Hon.
1040 949 1049 963 ⁴
1068 947 1151 976 Mox
1177 946 1235 976 ubi
1252 945 1395 976 firmasti
1413 949 1510 976 recto

807 995 951 1036 vestigia
983 995 1122 1035 gressu!
1174 996 1351 1027 Juvenalis
1393 1001 1508 1026 tamen

804 1045 876 1076 Sat.
902 1054 977 1076 xlv.
1004 1055 1204 1086 quamquam
1235 1047 1342 1077 minus
1368 1047 1410 1077 ad
1427 1057 1509 1086 rem,

806 1094 815 1111 ⁶
833 1094 976 1135 ancipiti
1003 1094 1110 1135 figens
1132 1095 1273 1135 vestigia
1298 1094 1439 1136 planta-¹
1461 1097 1508 1128 D.

807 1143 921 1174 Heius.

848 1196 889 1224 20
913 1193 1126 1233 Innumeram]
1149 1194 1229 1226 Sine
1244 1204 1396 1234 numero,
1420 1195 1510 1225 ultra

806 1253 993 1275 numerum.
1032 1244 1108 1275 Una
1135 1245 1222 1275 enim
1255 1255 1320 1275 vox
1351 1250 1415 1285 est,
1445 1254 1509 1276 nec

805 1293 891 1325 bene
910 1295 1063 1334 Scaliger
1080 1295 1135 1335 qui
1153 1295 1330 1335 disjunxit.

849 1343 1055 1374 famulantur
1075 1344 1191 1375 Averni
1207 1345 1332 1384 vulgus]
1356 1345 1434 1376 Non
1455 1345 1509 1383 fa-

805 1394 956 1431 mulatur,
982 1395 1133 1434 potiores
1162 1394 1283 1435 scripti
1321 1399 1356 1426 et
1390 1396 1507 1436 primae

806 1443 884 1475 edd.
901 1444 1019 1482 probe.
1044 1446 1087 1476 D.
1103 1445 1216 1476 Heius.

854 1493 949 1523 Vacuz'
965 1494 1098 1533 Averni]
1123 1495 1179 1525 Ita
1194 1495 1356 1526 dicuntur
1372 1496 1448 1526 loca
1462 1495 1511 1526 in·

806 1541 966 1582 ferorum,
996 1544 1083 1583 quod
1102 1545 1262 1583 omnium,
1284 1550 1320 1576 ut
1343 1546 1509 1586 sequitur,

805 1592 947 1632 capacia
973 1593 1053 1631 sint,
1078 1598 1113 1624 et
1142 1598 1255 1624 tamen
1284 1604 1401 1634 vacua,
1432 1604 1508 1625 curn

806 1643 933 1674 umbrae
961 1644 1044 1673 nihil
1075 1644 1249 1684 expleant,
1288 1643 1424 1674 erudita
1453 1643 1510 1676 fic-

806 1693 898 1724 tione
915 1693 1112 1725 Poe'tarum.
1137 1694 1254 1725 Barth.

847 1746 886 1775 21
918 1745 1038 1783 Vulgus
1054 1745 1150 1786 iners]
1176 1744 1310 1776 Nullius
1333 1743 1381 1775 rei
1399 1753 1510 1784 capax.

804 1798 864 1824 aut
893 1793 1028 1825 efficax.
1069 1795 1201 1835 Vulgus
1233 1794 1338 1825 omnis
1369 1793 1510 1825 confusa

805 1843 917 1874 turba.
960 1844 1078 1875 Averni
1108 1855 1183 1886 quae
1215 1845 1291 1876 loca
1321 1845 1400 1884 sint,
1433 1845 1509 1875 vide

804 1893 895 1933 apud
910 1894 1155 1926 Philostratum
1170 1895 1356 1935 Apollonii,
1372 1895 1456 1926 libro
1471 1903 1511 1926 ιι.

805 1943 921 1984 capite
938 1948 971 1975 5.

850 1994 969 2034 Opibus
984 1994 1103 2034 avaris]
1128 1995 1252 2026 Omnia
1266 1995 1307 2025 ad
1324 2004 1360 2025 se
1378 1995 1509 2027 trahen-

804 2043 905 2075 tibus.
941 2044 1044 2074 Pluto
1062 2044 1150 2074 enim
1174 2044 1251 2075 ideo
1278 2049 1420 2075 vocatur
1435 2045 1510 2084 Dis,

805 2094 894 2135 quod
911 2094 1025 2127 onmia
1041 2099 1077 2125 et
1095 2094 1251 2125 recidant
1267 2094 1300 2124 in
1324 2098 1446 2133 terras,
1475 2100 1511 2126 et

804 2145 960 2176 oriantur
981 2154 999 2174 e
1033 2145 1143 2176 terris.
1191 2144 1246 2175 Sic
1272 2154 1401 2175 ararum
1426 2154 1511 2175 mare

806 2194 894 2225 dixit
912 2194 1090 2234 Horatius,
1119 2194 1208 2236 quod
1239 2195 1352 2226 omnia
1382 2194 1511 2236 injecta

806 2244 935 2275 sorbet.
964 2245 1080 2275 Barth.

848 2297 890 2324 22
916 2294 1015 2333 Orbe]
1044 2294 1252 2325 Viventium.

849 2344 949 2384 Styx]
974 2344 1194 2376 Horrendum
1211 2355 1334 2377 numen
1362 2349 1399 2376 et
1418 2346 1509 2386 jura-

806 2399 958 2425 mentum
985 2395 1130 2435 superis,
1162 2393 1349 2426 inferorum
1380 2394 1511 2426 fluvius.

808 2444 885 2475 vide
902 2444 1158 2486 Apollodorum,
1185 2445 1242 2476 lib.
1271 2454 1336 2477 xx.
1364 2446 1406 2477 de
1425 2446 1509 2476 Diis.

807 2496 924 2526 Barth.

850 2548 890 2576 23
928 2545 1084 2583 lnterfusa
1111 2545 1213 2586 vadis]
1252 2546 1385 2577 Novem
1416 2545 1509 2585 ipsis.

806 2595 992 2636 Virgilius:
1017 2598 1026 2613 ‘
1045 2596 1142 2636 palus
1159 2596 1316 2626 innabilis
1338 2594 1429 2626 unda
1453 2594 1510 2624 Al-

807 2645 903 2685 ligat,
929 2655 965 2676 et
988 2646 1103 2678 novies
1118 2647 1205 2687 Styx
1222 2645 1390 2678 interfusa
1417 2643 1509 2675 coer-

807 2695 883 2727 cet!
907 2695 1006 2728 Idem.
