1763 3116
330 157 392 186 DE
426 153 588 186 RAPTU

71 255 135 284 350
160 250 288 293 Opima]
310 249 425 291 Spolia
442 257 460 278 a
475 247 604 277 victore
630 245 730 276 Duce

27 303 93 344 ipsi
109 303 278 334 detracta.
303 300 417 331 Barth.

73 356 133 384 351
163 349 373 391 Τεννὶςεηιιηι]
397 348 594 387 Gigantum.
619 347 716 376 Idem.

73 406 135 434 352
162 403 205 433 Ni
221 403 336 441 lapsum
343 398 474 437 fulciret
487 398 628 437 proximu
645 406 730 436 quer-

30 453 98 493 cus]
134 452 201 482 Alii
228 452 364 490 lapsam.-
401 448 460 479 sed
489 449 514 478 si
544 449 640 488 lapsa
659 448 729 488 jam

32 508 117 540 erat,
135 510 200 531 non
216 500 314 530 video
332 509 396 540 qno
421 499 520 529 modo
545 497 655 529 fulciri
674 508 731 538 po-

33 551 146 582 tuerit.
191 550 281 589 Lege
310 550 414 589 igitur
429 550 540 580 lassam
557 559 630 580 cum
653 549 734 579 Del-

31 603 72 634 rii
99 608 134 634 et
163 601 319 640 Isingriui
350 602 482 639 codice,
508 612 546 632 ac
573 611 631 631 sex
659 610 732 631 nos-

35 653 106 684 tris.
130 653 256 693 Idyllio
271 652 313 683 de
336 652 518 683 Pboenice:
544 653 552 669 ‘
569 661 631 682 ceu
650 652 734 681 lassa

34 703 192 745 procellis
225 702 341 734 Ardua
373 702 539 733 Caucasio
568 706 667 732 nutat
693 701 734 731 de

28 755 156 785 vertice
180 753 299 794 pinus!
345 753 474 784 Statius
498 752 602 783 Theb.
629 761 651 782 1.
676 753 684 768 ‘
700 752 733 781 iu

29 806 132 846 plana
149 805 317 837 Citliaerou
331 803 734 843 Porrigitur,lassumque

30 856 172 887 inclinat
188 856 221 886 in
238 865 372 896 aequora
389 859 537 884 montem
554 853 575 884 :'
613 853 661 883 sic
680 862 736 892 op-

31 907 123 937 timae
142 905 358 936 membrana&
405 904 461 934 Sic
476 903 561 933 libro
580 902 687 942 primo
702 902 734 931 in

29 956 186 988 Rufinum
199 965 227 986 v.
239 958 314 986 270.
331 956 339 970 ‘
351 955 437 984 lassa
448 954 530 983 ratis
543 952 702 992 procellis
714 951 734 982 :’

30 1010 64 1037 et
89 1005 193 1036 ‘lassi
222 1004 362 1044 poutes'
393 1002 580 1033 Consulatu
616 1000 735 1031 Manlii

29 1054 201 1087 Theodori
219 1064 265 1086 vs.
282 1056 356 1085 237.
375 1051 541 1093 quomodo
556 1051 736 1091 castigavi·

30 1115 105 1136 mus
120 1110 300 1145 utrumque
319 1104 439 1134 locum.
463 1102 507 1132 D.
525 1101 638 1132 Heius.

73 1158 135 1186 353
159 1156 235 1186 Inde
251 1153 358 1193 timor]
372 1153 557 1184 Petronius
573 1161 590 1182 e
606 1150 734 1182 Statio:

33 1207 42 1223 ‘
58 1206 195 1237 Primus
212 1206 244 1236 in
262 1205 344 1235 orbe
360 1205 448 1234 Deos
459 1201 542 1233 fecit
559 1201 682 1232 timor.y

81 1259 263 1297 Numaque
286 1256 361 1295 loco]
386 1255 468 1286 Luci
494 1254 664 1285 habebant
680 1253 738 1283 mi-

34 1309 118 1340 seris
130 1309 236 1338 instar
246 1307 414 1348 quoddam
425 1305 609 1335 numinum.
625 1304 738 1334 Barth.

77 1362 138 1389 355
168 1358 289 1389 Robora
304 1356 430 1395 Ioedere]
456 1356 585 1394 Religio
601 1355 667 1385 luci
685 1363 740 1384 ve-

34 1414 86 1440 tat
113 1409 165 1439 vel
189 1409 373 1438 sceleratos
401 1412 436 1436 et
461 1406 607 1436 immites
635 1403 739 1434 offen-

35 1460 114 1489 dere
142 1459 301 1489 arbores:
347 1457 434 1487 tales
460 1456 559 1485 linxit
585 1459 739 1485 vetustas

34 1510 213 1548 Cyclopes.
259 1508 349 1538 Gell.
382 1515 469 1537 xxv.
498 1515 571 1544 cap.
598 1507 652 1535 21.
686 1504 739 1533 De

34 1561 108 1591 loco
126 1559 232 1590 natali
249 1567 362 1588 eornm
377 1561 551 1588 certamen
568 1560 639 1592 ‹2st3
664 1564 738 1584 nam

35 1609 237 1642 continentis
264 1614 376 1646 terrm,
401 1616 467 1637 non
492 1606 610 1636 insulae
637 1605 740 1634 fuisse

36 1661 163 1692 incolas
185 1659 288 1690 docet
301 1658 451 1690 anneb.
469 1657 523 1687 lib.
545 1665 646 1687 xxiv.
663 1665 740 1695 cap.

38 1715 87 1743 10.
113 1716 147 1742 et
172 1710 231 1742 lib.
261 1718 366 1740 xxrx.
391 1718 465 1748 cap.
491 1710 544 1738 32.
569 1708 619 1737 Ex
638 1706 740 1736 Hom.

38 1773 83 1795 vt.
102 1763 224 1803 Odyss.
250 1762 356 1802 princ.
390 1761 437 1791 At
466 1764 641 1798 receptam
666 1767 741 1788 sen-

38 1813 180 1844 tentiam
197 1820 340 1852 sequens
368 1814 496 1849 noster,
523 1810 619 1849 ponit
635 1818 691 1839 eos
709 1809 740 1838 in

36 1865 164 1902 Sicilia,
178 1874 203 1894 1.
216 1864 258 1894 de
272 1864 387 1903 Raptu
403 1873 409 1893 ;
427 1861 635 1892 assentiente
646 1860 742 1899 Virg.

39 1925 93 1946 111.
110 1915 184 1945 AEn.
208 1916 216 1931 ‘
232 1914 381 1944 AEtnaeos
391 1912 514 1943 fratres
529 1912 614 1942 coelo
627 1910 743 1951 capita

38 1968 106 1997 alta
120 1964 296 1996 fex-entes!
314 1965 456 2003 Dempst.

78 2019 140 2046 358
170 2016 339 2055 vibratque
366 2016 483 2044 incerta
504 2010 651 2050 securim]
684 2011 742 2042 Al—

40 2065 102 2096 dus
133 2069 169 2095 et
201 2064 321 2103 scripti
349 2063 483 2104 quidam
518 2062 649 2099 infesta:
678 2071 742 2092 non

39 2115 157 2156 probo.
190 2114 311 2154 virgil.
330 2123 367 2144 ιι.
386 2113 459 2144 ΖΕΗ.
475 2113 517 2143 de
536 2118 653 2142 tauro:
678 2114 686 2128 ‘
699 2113 745 2142 in-

39 2171 167 2197 certam
185 2164 335 2195 excussit
358 2164 491 2194 cervice
509 2161 674 2193 securim!
696 2163 745 2192 Si-

40 2218 103 2248 lius
121 2216 179 2247 lib.
204 2225 235 2246 v.
259 2216 267 2231 ‘
282 2224 499 2256 pressamque
525 2213 566 2243 ad
593 2213 680 2243 colla
701 2213 748 2242 bi-

41 2276 185 2307 pennem
199 2266 340 2296 Incerta
354 2265 488 2295 cervice
503 2263 614 2294 ferens
626 2263 747 2293 altaria

41 2318 161 2358 liquit?
219 2318 384 2348 Prudeut.
412 2316 596 2357 Apotlicos.
620 2316 748 2346 ‘incer-

43 2372 113 2398 tum
131 2367 311 2398 frustratur
335 2367 471 2397 victima
498 2365 647 2397 forrum?
691 2367 748 2397 Se-

45 2427 130 2448 neca
144 2418 285 2448 Medea:
304 2419 312 2434 ‘
327 2418 475 2456 Incerta,
488 2427 618 2456 vecors,
634 2422 747 2447 niente

47 2477 114 2499 non
131 2476 212 2498 sana
229 2467 318 2498 feror
346 2468 467 2498 Partes
489 2469 521 2498 in
539 2478 653 2498 omnes
668 2468 688 2498 :'
712 2472 747 2497 et

47 2528 146 2549 mox:
170 2519 178 2533 ‘
194 2517 329 2547 incerta
347 2518 454 2558 qualis
476 2519 614 2548 entheos
632 2528 748 2550 cursus

47 2569 138 2606 tulit,
152 2568 309 2607 Cumjam
326 2573 464 2607 recepto
480 2569 609 2598 Maenas
624 2569 748 2599 insanit

50 2617 161 2651 Deo?
185 2623 216 2648 ‹·t
243 2618 386 2648 demde:
410 2619 418 2634 ‘
433 2627 557 2657 anceps
580 2623 682 2648 aestus
701 2618 748 2649 in-

48 2675 174 2702 certam
193 2668 300 2708 rapit!
327 2668 369 2699 D.
388 2668 499 2698 Heius.

93 2718 232 2758 Incerta]
256 2718 338 2759 Ipsa
354 2717 538 2749 iracundia.
563 2718 676 2750 Barth.

623 151 946 183 PROSERPINAE
981 151 1078 181 Lm.

1112 151 1187 180 111.
1371 142 1484 185 1675

825 246 888 273 359
916 244 1018 283 Ipsum
1046 244 1140 273 etiam
1166 251 1220 281 per
1247 243 1333 272 itura
1359 245 1486 285 Jovem]

783 293 974 325 Claveriaui
990 292 1115 323 codicis
1129 294 1335 331 scripturam
1350 302 1487 332 expres-

781 344 895 382 simus,
908 353 1008 384 quau]
1020 347 1055 373 et
1071 342 1318 382 Raplielengius
1330 347 1486 374 secutus:

782 404 858 425 nain
875 395 946 425 sive
962 395 1100 434 petitura
1118 403 1193 423 cum
1211 393 1358 432 vulgatis
1386 393 1488 433 legas,

783 445 853 476 sive
873 445 1014 483 fei-itura
1042 455 1117 475 cum
1146 444 1282 483 scriptis
1308 444 1489 482 nonnullis,

783 495 985 527 claudicabit
1003 505 1129 526 versuS.
1164 494 1321 524 Rartbius
1334 497 1422 534 petat
1440 494 1490 524 ira

783 556 848 577 non
865 547 964 577 male.
988 547 1031 577 D.
1052 546 1163 577 Heius.

829 597 890 627 Per
914 597 998 626 itura
1031 595 1156 634 dot-em]
1189 594 1297 626 Nobis
1325 594 1408 624 illud
1434 604 1490 634 per

783 648 891 678 Jovem
921 647 966 677 ire
1005 647 1136 686 longius
1171 647 1265 676 abire
1295 655 1314 675 a
1350 645 1488 675 Claudi-

785 708 848 728 ano
866 698 1010 728 videtur.
1055 697 1229 727 Scribam:
1253 699 1339 736 petat
1369 696 1417 726 ira
1433 696 1490 725 Jo-

785 759 860 779 vem.
884 748 983 780 Quod
1003 748 1140 786 dignuin
1159 747 1268 778 Genio
1288 746 1436 777 auctoris
1452 750 1489 776 et

788 799 834 829 rei
848 799 949 838 ipsius
966 798 1154 828 momentis.
1184 796 1296 827 Barth.

829 852 892 880 362
918 850 1010 879 Cerco
1046 852 1212 889 prcetentdt
1252 847 1378 877 brachia
1406 845 1492 885 nisu]

786 901 802 930 1
807 901 951 930 ’ercenset
963 900 1082 930 decem
1095 899 1171 930 libri
1188 909 1195 928 z
1224 902 1290 928 tres
1303 899 1468 938 praecenset
1481 905 1492 931 ,·

787 950 873 990 quod
894 950 1090 980 tantundem
1108 954 1224 979 noster
1239 948 1342 978 alibi:
1367 949 1375 963 ‘
1390 946 1492 977 Relli-

787 1000 880 1039 quias
894 1008 1071 1029 numerare
1087 999 1206 1029 breves
1219 1007 1426 1038 parvamque
1437 997 1492 1036 ju-

788 1049 881 1079 vabit
895 1049 1105 1079 Perceusere
1118 1048 1274 1078 manuni?
1318 1048 1326 1063 ‘
1342 1047 1493 1077 Percen-

788 1109 862 1129 scre
879 1099 943 1129 aevi
974 1097 1122 1129 senium'
1146 1098 1235 1128 dixit
1259 1098 1386 1128 Statius
1409 1097 1493 1126 Tbe-

788 1149 875 1180 baid.
891 1159 914 1180 1.
940 1148 1051 1180 Niobe
1079 1148 1169 1188 apud
1199 1147 1343 1178 eundem
1369 1147 1427 1177 lib.
1445 1155 1493 1184 lv,

788 1203 796 1218 ‘
814 1201 941 1232 tumido
959 1204 1139 1242 percenset
1156 1199 1273 1230 funera
1288 1199 1403 1229 luctu.'
1446 1197 1494 1228 Si-

789 1253 852 1283 lius
868 1252 925 1282 lib.
940 1260 998 1282 xv.
1020 1253 1028 1268 ‘
1044 1252 1200 1291 Dumque
1213 1260 1252 1280 ea
1262 1248 1403 1280 confuso
1418 1257 1494 1288 per-

789 1306 905 1333 censet
933 1311 1102 1332 murmure
1132 1300 1277 1341 vulgus.'
1334 1300 1494 1331 Gratius:

789 1354 797 1368 ‘
812 1358 882 1382 tum
901 1352 1021 1382 deinde
1038 1351 1193 1389 monebo,
1215 1351 1267 1381 Ne
1284 1355 1427 1381 matrem
1446 1350 1494 1380 iu-

792 1403 908 1433 det-ilis
927 1407 1081 1433 natorum
1100 1400 1199 1431 turba
1211 1399 1337 1439 fatiget
1348 1401 1497 1431 Percen-

792 1462 866 1482 sere
899 1452 998 1490 notis,
1030 1452 1170 1492 jannque
1199 1450 1278 1481 inde
1309 1459 1496 1481 excernere

794 1502 937 1543 parvos.'
962 1502 1030 1532 Pro
1047 1502 1114 1531 risu
1131 1501 1231 1531 etiam
1244 1501 1313 1531 nisu
1327 1501 1402 1541 lege
1420 1510 1495 1531 cum

793 1553 929 1592 scriptis
948 1552 1260 1592 Rafflnelengioque,
1285 1556 1318 1582 et
1334 1553 1414 1582 malo
1435 1562 1497 1592 pro

792 1606 887 1641 clavo,
905 1603 1003 1643 paulo
1021 1608 1109 1641 post.
1133 1603 1178 1633 D.
1198 1602 1312 1633 Heius.

836 1652 991 1691 Brachia]
1020 1653 1142 1682 Ramos
1167 1651 1377 1682 extensiores
1401 1651 1499 1682 arbo-

794 1715 876 1735 rum.
900 1704 1008 1734 Barth

837 1758 898 1785 303
921 1754 988 1792 Sic,
1001 1753 1052 1793 qui
1066 1752 1237 1792 vecturam]
1254 1752 1309 1782 Ita
1321 1752 1448 1792 Regius
1465 1756 1500 1782 et

795 1815 880 1836 unus
900 1805 1097 1835 Mediceus:
1125 1804 1224 1843 vulgo
1240 1806 1392 1833 vecturus.
1417 1802 1500 1832 Mox

793 1856 927 1898 cupressi
943 1856 1100 1886 meliores
1116 1865 1123 1885 ε
1148 1859 1184 1885 et
1200 1854 1342 1884 Miretur
1358 1863 1441 1884 unus
1458 1862 1501 1883 ex

794 1907 973 1939 Mediceis.
996 1907 1038 1937 D.
1054 1905 1166 1935 Heius.

837 1960 900 1989 366
926 1956 1067 1986 Rudibus
1094 1954 1198 1994 silvis]
1244 1953 1432 1985 Arboribus
1463 1958 1501 1984 ut

796 2012 886 2039 terra
903 2011 1048 2047 prosatae
1068 2010 1156 2035 sunt.
1183 2005 1303 2035 Barth.

839 2061 901 2089 370
928 2055 1110 2097 Cupressns]
1131 2055 1242 2085 Taedae
1255 2055 1392 2086 Cereris
1411 2055 1501 2095 apud

797 2108 958 2140 Ovidium
975 2114 1051 2137 sunt
1075 2107 1198 2147 pinea).
1225 2107 1348 2137 clm-er.

840 2163 901 2190 373
929 2159 1082 2199 Apollinei
1098 2158 1231 2188 nemoris
1246 2158 1384 2188 nutritor
1403 2158 1503 2187 Oron-

798 2212 858 2252 tes]
881 2210 1149 2241 Celeberrimum
1179 2218 1296 2238 nemus
1324 2208 1356 2237 in
1385 2207 1504 2238 subur-

799 2261 860 2292 biis
878 2260 1082 2297 Autiocbiae,
1104 2260 1236 2289 Oronte
1262 2258 1366 2289 fluvio
1383 2258 1505 2298 praela-

802 2311 914 2350 bento,
940 2310 1095 2349 Daphnen
1112 2313 1343 2349 nuncupatum
1362 2318 1380 2338 a
1396 2309 1506 2338 lauro-

800 2372 872 2392 runi
886 2360 1090 2401 frequentia.
1116 2359 1231 2390 Barth.

843 2414 904 2443 374
923 2411 1094 2441 Frondilms
1109 2410 1220 2450 oequis]
1238 2409 1406 2440 Frontibus
1422 2409 1505 2439 Par-

801 2462 899 2493 rhasii
929 2461 1035 2491 editio
1061 2466 1097 2490 ct
1125 2466 1256 2500 septem
1286 2470 1326 2489 ex
1367 2457 1503 2498 scriptis

800 2513 937 2544 nostris.
984 2512 1073 2542 »socio
1088 2511 1203 2541 vertice
1221 2520 1295 2541 mox
1314 2511 1386 2550 puri
1406 2507 1504 2539 inodo

800 2563 891 2594 dicet
909 2573 916 2593 :
943 2562 1098 2603 pluribus
1114 2571 1229 2601 supra.
1267 2562 1387 2590 Extant
1403 2559 1504 2589 etiam

800 2614 919 2653 scripti
947 2613 1116 2644 nonnulli:
1143 2618 1177 2642 et
1204 2612 1419 2649 alternansque
1438 2614 1504 2637 tres

802 2665 985 2696 Florentini
1003 2673 1078 2694 cum
1096 2662 1265 2692 Palatino.
1312 2662 1349 2690 D.
1373 2658 1481 2689 Ili-ins.

844 2718 906 2746 370
931 2714 994 2745 Hae
1018 2714 1161 2753 placuere
1185 2711 1292 2750 faces]
1323 2709 1426 2741 Saevit
1451 2707 1505 2738 hic
