1859 3148
334 213 446 255 1592

331 327 396 349 nec
427 317 570 349 voluisse
607 328 790 358 agnoscere
828 321 954 351 clarum
987 331 1026 351 ex

331 366 529 407 fragmentis
547 368 761 408 scriptorum.
791 371 901 401 Barth.

375 420 438 448 310
462 418 584 457 Marce]
646 419 691 449 M.
721 419 910 451 Antoninus
940 421 1025 460 Imp.

333 472 422 500 teste
440 469 629 508 xiphilino,
645 470 784 500 Quados
807 480 871 509 ope
888 471 1028 507 legionis

332 528 375 550 ex
388 524 509 549 eventu
523 518 745 558 κεραυνοβόλου
759 529 817 549 sen
828 519 1027 550 t'nlminatri-

331 570 382 600 cis
396 568 598 610 profligavit.
634 569 710 598 Hoc
729 579 807 599 vero
825 571 1027 600 Claudianus

333 628 399 648 non
414 619 537 649 adserit
555 617 692 655 magicis
713 619 840 649 artibus
854 619 1026 657 effectum,

331 669 390 699 sed
407 668 508 698 nucis
519 668 636 708 optimi
652 668 795 708 pietate.
821 671 939 700 Clarer.

377 719 529 749 Gentibus
570 720 702 759 undique
737 721 884 761 cinctam]
932 721 1027 751 Bella

333 767 441 798 Marci
459 767 616 806 auspiciis
636 773 742 807 gesta,
771 774 864 799 tanta
888 775 965 800 sunt
989 775 1026 800 ut

333 817 440 846 omnis
463 817 523 846 aevi
542 817 750 857 principibus
766 828 870 858 opera
886 819 956 858 ojus
969 829 1027 859 op-

333 866 409 905 poni
429 867 566 906 possint.
590 868 706 898 Barth.

373 917 435 946 342
460 916 632 947 flammeus
646 917 755 958 imber]
768 918 934 958 Intelligit
947 930 1026 950 aux-

332 965 390 995 ilio
407 965 481 995 ‹xa-li
508 971 677 1005 patratam
707 968 883 999 victoriam
910 975 1029 1000 contra

332 1016 469 1047 Quados
482 1022 515 1046 et
532 1017 802 1058 Marcomannos,
816 1020 902 1060 quod
916 1021 1028 1051 Chris-

331 1066 497 1097 tianorum
523 1072 635 1097 tamen
654 1069 823 1107 precibus,
850 1079 914 1100 non
932 1070 1028 1100 Prin-

332 1116 417 1156 cipis
432 1117 591 1155 moribus,
607 1118 783 1148 obtentum
797 1124 859 1150 est.

378 1167 415 1197 In
431 1168 561 1207 hostem]
586 1177 704 1199 ncccc.
722 1171 863 1210 amplius
890 1171 1027 1202 millium

333 1218 518 1247 exercitum
537 1219 739 1251 trahentem.
784 1221 892 1251 Marci
910 1222 1028 1252 robore

332 1269 510 1299 admodum
527 1275 643 1300 contra
660 1272 751 1302 exili.
779 1272 866 1302 Vide
886 1273 1027 1313 xiphili-

333 1327 408 1349 num
424 1325 458 1349 et
472 1321 715 1359 Capitolinum.
743 1322 856 1351 Barth.

376 1371 436 1399 343
464 1370 669 1410 flammante]
717 1371 821 1401 I'rim.
853 1371 962 1403 vatic.
991 1377 1027 1403 et

331 1418 624 1456 Isingnsumante:
648 1420 734 1459 quod
753 1426 886 1451 secutus
903 1421 1028 1453 frustra

332 1467 474 1507 Rapllel.
520 1468 621 1507 Apud
650 1470 807 1508 Statimm
836 1471 944 1502 Theb.
976 1481 1024 1503 lv.

329 1519 336 1531 ¹
364 1516 591 1557 Cornipedum
628 1517 799 1549 flammata
835 1520 931 1551 sitis.'
983 1523 1025 1553 D.

331 1567 440 1598 Heius.

370 1620 431 1648 344
450 1618 647 1657 Tube-scente]
661 1619 826 1659 Liquente
845 1620 873 1650 vi
887 1620 1027 1661 impacti

327 1666 468 1707 fulguris
485 1673 543 1699 ant
561 1669 719 1699 fulminis.
745 1671 860 1700 Barth.

374 1721 434 1748 345
460 1718 620 1758 Subsedit]
658 1720 796 1750 Subsidit
826 1730 901 1752 cum
927 1721 1028 1753 unde-

330 1767 394 1798 cim
411 1769 558 1808 scriptis.
582 1770 626 1800 1).
645 1769 756 1800 Heius.

373 1822 435 1850 348
461 1820 604 1850 (haldcm
621 1821 724 1861 mago]
748 1822 1028 1861 Magicasincan-

330 1870 477 1901 tationes
494 1871 655 1911 loquitur,
672 1871 841 1903 Chaldwis
856 1874 1025 1905 oriundas.

332 1919 444 1951 Barth.

373 1973 435 2000 3⁵0
461 1972 563 2001 Marci
601 1971 712 2011 mores]
756 1972 891 2004 Summa
925 1974 1027 2005 animi

330 2020 573 2060 tranquillitas,
609 2022 790 2061 sapientia,
825 2023 1029 2065 constantia,

326 2068 473 2108 justitia,
491 2071 643 2111 aequitas,
662 2072 908 2112 mquanimitas,
933 2072 1027 2104 forti·

329 2118 425 2155 tudo,
453 2120 643 2157 clementia,
679 2121 837 2160 eruditio,
874 2123 1026 2154 omnibus

329 2166 544 2207 Principibus
562 2170 647 2199 bunc
665 2171 784 2201 merito
810 2179 1024 2212 praeponunt.

372 2219 428 2246 351
459 2218 661 2259 Pru-sidium]
684 2219 869 2261 Auxilium,
886 2223 1024 2254 subsidi·

330 2275 395 2296 um.
419 2267 534 2298 lxm-th.

373 2317 572 2358 Praesidium]
621 2319 799 2351 Subsidium
837 2322 950 2353 Vatic.
988 2327 1024 2354 et

329 2375 404 2397 mox
436 2371 535 2398 restra
567 2379 673 2400 munus
704 2381 786 2401 uuus
815 2372 933 2403 Ambr.
976 2374 1022 2405 D.

331 2417 441 2449 Heius.

371 2471 433 2498 352
458 2469 584 2510 AEtlacr]
628 2471 687 2501 Dii
710 2471 786 2512 ipsi,
809 2473 880 2513 ejus
897 2473 1026 2506 incolae.

329 2516 445 2550 Barth.

371 2571 432 2599 353
458 2570 590 2610 Titulos]
616 2571 952 2611 Honorem‚laudcm.
966 2575 1025 2607 Ait

329 2627 394 2649 non
412 2619 562 2659 juvando
590 2622 809 2653 Stilichonem
838 2624 928 2654 Deos
959 2625 1022 2665 ipsi

325 2668 458 2709 favisse,
484 2676 519 2701 ut
543 2671 644 2702 solius
675 2677 764 2703 esset
802 2673 875 2713 ojus
903 2675 1022 2715 gloria.

328 2719 424 2750 Idem.

368 2772 429 2801 :354
454 2769 558 2802 Soceri
574 2773 697 2813 sudore]
734 2774 868 2805 Summa
884 2774 1019 2815 virtute,

529 225 669 255 No'rAE
703 226 962 256 VARIORUM
999 226 1047 255 IN
1083 226 1155 256 CL.
1182 226 1364 257 CLAUD-

1398 227 1585 258 XXVIII.

1079 330 1204 350 summo
1221 320 1345 351 labore.
1370 321 1465 352 Idem.

1120 374 1180 400 355
1207 371 1350 401 Fulmina
1367 371 1501 412 laurum]
1546 370 1694 403 Quidam
1709 373 1775 404 vul-

1078 431 1160 451 nera.
1196 421 1438 459 l'utosulguru.
1464 422 1510 451 D.
1528 421 1648 452 Heius.

1120 475 1180 502 357
1209 472 1342 512 Differri
1359 474 1478 511 longius
1494 472 1577 502 urbis
1595 472 1776 504 Communes

1078 532 1134 552 non
1160 533 1249 562 passu
1276 523 1394 562 preces]
1426 523 1605 553 Assentior
1629 523 1774 554 Bai-thio

1079 573 1166 602 curis
1182 572 1337 603 secundis
1356 574 1532 612 reponenti
1545 573 1644 603 orbis:
1664 573 1778 613 agitur

1078 622 1163 652 enim
1182 622 1223 652 de
1240 623 1311 662 ipsa
1328 623 1444 653 Roma.
1493 623 1616 653 Narvns
1642 623 1695 654 hic
1719 632 1776 653 an-

1078 672 1179 712 tiquis
1204 673 1405 702 membranis
1428 673 1651 712 pertinaciter
1676 673 1778 704 inhae-

1078 727 1142 759 ret,
1160 722 1222 751 nisi
1240 722 1328 762 quod
1340 722 1484 752 urbemin
1498 723 1675 753 nonnullis.
1692 724 1778 754 Mox

1074 771 1218 809 prosiluit
1235 780 1299 800 non
1314 771 1451 810 prosiliit
1465 772 1632 802 meliores,
1657 772 1755 804 Idem.

1119 823 1175 850 361
1205 820 1412 850 Dissimuluta
1428 820 1497 859 diu]
1534 821 1697 853 Queritur
1713 823 1778 853 Ro-

1076 879 1130 900 ma
1148 869 1253 900 instar
1274 870 1441 909 neglectae
1459 870 1628 901 amatricis
1645 881 1680 902 se
1704 881 1778 903 esse

1078 921 1300 960 prwteritam,
1326 930 1451 961 suaque
1480 925 1558 951 vota
1585 921 1776 963 principem

1078 970 1316 1001 dissimulasse.
1340 966 1457 1001 Ba'Pth.

1121 1023 1183 1050 302
1207 1020 1359 1060 Auguste,
1375 1022 1497 1061 queror]
1525 1022 1638 1053 Precor
1664 1022 1778 1054 Oxon.

1080 1070 1164 1108 neg.
1195 1075 1230 1100 et
1261 1074 1339 1100 tert.
1372 1071 1482 1102 Vatic.
1524 1072 1612 1112 quod
1649 1073 1777 1113 placet.

1081 1121 1164 1150 Mox
1200 1121 1372 1151 discernens
1412 1131 1474 1161 pro
1505 1123 1668 1152 decernens
1702 1131 1778 1152 cnm

1081 1170 1217 1210 scriptis
1234 1176 1269 1201 et
1294 1171 1535 1211 Raplielengio.
1559 1172 1602 1201 D.
1622 1171 1734 1202 Heius.

1121 1222 1182 1249 363
1208 1221 1362 1251 I’roelatus
1376 1231 1443 1251 mea
1454 1225 1525 1251 vota
1541 1220 1658 1261 Ligur]
1680 1221 1779 1261 Ligus

1081 1270 1221 1300 anens.
1237 1271 1336 1310 prim.
1349 1271 1461 1301 Vatic.
1476 1276 1510 1301 et
1523 1280 1607 1301 unns
1623 1271 1778 1304 Ambros-

1078 1325 1114 1349 ut
1131 1321 1140 1336 ‘
1160 1321 1254 1351 Vane
1277 1321 1389 1359 Ligns'
1406 1321 1551 1361 Maroni,
1566 1322 1574 1337 ‘
1592 1321 1694 1362 Ligus
1710 1324 1779 1354 ora’

1077 1368 1209 1408 Persio,
1232 1374 1268 1399 et
1296 1370 1380 1401 Silio
1403 1371 1412 1385 ‘
1427 1371 1546 1411 pernix
1568 1371 1670 1413 Ligus
1685 1372 1706 1403 :'
1730 1373 1778 1405 sic

1077 1422 1112 1448 et
1126 1419 1193 1450 alii.
1217 1419 1316 1450 Idem.

1121 1469 1238 1509 Ligur]
1273 1471 1501 1502 Mediolanum
1525 1472 1620 1511 dicit,
1648 1473 1777 1504 Urbem

1077 1525 1225 1551 amatam
1261 1521 1463 1560 Theodosio,
1503 1522 1561 1553 nbi
1600 1524 1777 1564 aliquoties

1077 1571 1201 1601 Consul
1230 1571 1332 1602 etiam
1362 1572 1532 1603 Honorius
1562 1572 1688 1613 fuerat⁷
1732 1575 1780 1605 in·

1076 1620 1189 1661 ibique
1205 1622 1339 1661 nuptias
1353 1623 1595 1654 celebraverat.
1620 1624 1735 1654 Barth.

1120 1674 1179 1702 365
1207 1671 1360 1710 Rubicon]
1393 1672 1502 1703 Limes
1533 1674 1611 1703 olim
1641 1673 1778 1715 Galliae,

1077 1721 1210 1752 Italiam
1237 1722 1314 1754 inde
1342 1723 1558 1763 dispescens;
1596 1724 1776 1764 Liguribus

1078 1776 1148 1802 tum
1173 1772 1379 1814 adscriptus,
1408 1773 1477 1803 sive
1496 1774 1617 1805 Gauiae
1635 1775 1778 1816 Cisalpi-

1077 1832 1144 1862 nae,
1159 1832 1224 1853 non
1243 1824 1361 1864 procul
1379 1823 1574 1854 Mediolano
1600 1824 1641 1855 ad
1657 1824 1775 1856 Arimi-

1077 1881 1169 1903 num.
1195 1872 1290 1903 Idem.

1121 1924 1184 1952 369
1208 1922 1389 1953 Froenalmm
1400 1923 1555 1963 geminos]
1577 1923 1654 1954 Non
1672 1924 1776 1965 loqui-

1078 1974 1133 2001 tur
1147 1972 1187 2002 de
1206 1973 1386 2013 triumpho.
1443 1974 1510 2004 Sed
1527 1974 1690 2005 Consules
1703 1979 1775 2006 tum

1077 2023 1237 2062 temporis
1249 2023 1311 2053 hae
1326 2033 1448 2064 pompa
1460 2025 1587 2056 Urbem
1609 2025 1776 2065 ingredie-

1078 2070 1212 2102 bantur.
1238 2072 1334 2103 Idem.

1119 2123 1178 2152 371
1206 2122 1363 2153 Radianee
1386 2123 1476 2163 toga]
1521 2123 1664 2165 Trabea,
1693 2134 1774 2157 auro

1075 2170 1217 2202 intexta.
1241 2173 1337 2204 Idem.

1119 2224 1180 2252 372
1206 2222 1374 2263 Dicabam]
1436 2223 1587 2255 Ferebam
1613 2225 1775 2267 Isingrin.

1075 2271 1220 2304 Lucens.
1236 2273 1376 2303 docebam
1389 2283 1399 2303 .·
1423 2273 1514 2312 prior
1541 2275 1667 2305 Moreti
1683 2286 1776 2315 pura-

1075 2321 1158 2361 bam,
1181 2327 1218 2353 ut
1233 2331 1324 2362 ¹sa⁸pe
1337 2327 1472 2353 noster:
1498 2324 1556 2353 sed
1574 2324 1619 2354 nil
1644 2331 1775 2357 mutau-

1075 2371 1165 2402 dum.
1209 2371 1264 2401 Sic
1287 2371 1320 2401 in
1347 2371 1499 2410 Priapeis
1522 2373 1774 2413 Epigrainmate

1076 2430 1125 2452 iv.
1153 2420 1389 2451 scribendum:
1425 2422 1634 2454 ‘obscaenas
1664 2425 1774 2466 rigido

1075 2471 1140 2502 deo
1157 2471 1299 2501 tabellas
1321 2471 1446 2502 Dicans
1471 2481 1512 2502 ex
1530 2473 1773 2513 Elephantidos

1075 2520 1195 2551 libellis
1212 2521 1279 2550 Dat
1297 2520 1420 2551 donum
1451 2522 1588 2561 Lalage,
1609 2529 1773 2566 rogatque

1075 2575 1188 2602 tentes
1209 2571 1243 2601 Si
1271 2572 1378 2611 pictas
1395 2582 1477 2612 opus
1506 2574 1585 2603 edat
1610 2575 1651 2606 ad
1670 2575 1774 2607 tabel-

1076 2621 1145 2652 las?
1191 2623 1315 2652 Duceus
1338 2632 1515 2663 perperam
1538 2633 1625 2655 nunc
1649 2625 1773 2666 legitur

1073 2672 1107 2702 in
1125 2673 1269 2713 vulgatis
1283 2674 1543 2714 exemplaribus.
1566 2676 1611 2707 D.
1626 2676 1739 2708 Heius.

1115 2726 1175 2753 375
1201 2724 1377 2764 Spectandu
1404 2724 1492 2764 Jori]
1537 2725 1577 2755 In
1606 2726 1768 2767 Capitoli-

1071 2783 1126 2805 um
1153 2773 1242 2804 euim
1268 2773 1338 2805 ibat
1363 2784 1487 2816 pompa
1511 2776 1617 2807 omnis
1651 2777 1767 2809 trium-
