<?xml version="1.0" encoding="UTF-8"?>
<!DOCTYPE html PUBLIC "-//W3C//DTD XHTML 1.0 Transitional//EN"
    "http://www.w3.org/TR/xhtml1/DTD/xhtml1-transitional.dtd">
<html xmlns="http://www.w3.org/1999/xhtml" xml:lang="en" lang="en">
 <head>
  <title>
</title>
<meta http-equiv="Content-Type" content="text/html;charset=utf-8" />
  <meta name='ocr-system' content='tesseract 3.04.00' />
  <meta name='ocr-capabilities' content='ocr_page ocr_carea ocr_par ocr_line ocrx_word'/>
</head>
<body>
  <div class='ocr_page' id='page_1' title='image "./operaomniaexedit04clauuoft_0149.png"; bbox 0 0 1763 3116; ppageno 0'>
   <div class='ocr_carea' id='block_1_1' title="bbox 313 178 1222 210">
    <p class='ocr_par' dir='ltr' id='par_1_1' title="bbox 313 178 1222 210">
     <span class='ocr_line' id='line_1_1' title="bbox 313 178 1222 210; baseline 0 0"><span class='ocrx_word' id='word_1_1' title='bbox 313 180 542 210; x_wconf 77' lang='lat' dir='ltr'>EPITHAL.</span> <span class='ocrx_word' id='word_1_2' title='bbox 577 178 815 209; x_wconf 78' lang='lat' dir='ltr'><strong>PALLADII</strong></span> <span class='ocrx_word' id='word_1_3' title='bbox 852 179 909 208; x_wconf 82' lang='grc' dir='ltr'>ΕΤ</span> <span class='ocrx_word' id='word_1_4' title='bbox 943 179 1222 210; x_wconf 78' lang='lat' dir='ltr'>CELERlNAE.</span> 
     </span>
    </p>
   </div>
   <div class='ocr_carea' id='block_1_2' title="bbox 43 270 745 1311">
    <p class='ocr_par' dir='ltr' id='par_1_2' title="bbox 47 270 741 454">
     <span class='ocr_line' id='line_1_2' title="bbox 47 270 741 313; baseline -0.006 -9"><span class='ocrx_word' id='word_1_5' title='bbox 47 273 381 313; x_wconf 78' lang='lat' dir='ltr'>captus-Imperator</span> <span class='ocrx_word' id='word_1_6' title='bbox 406 273 517 303; x_wconf 85' lang='lat' dir='ltr'>Vitam</span> <span class='ocrx_word' id='word_1_7' title='bbox 545 270 741 301; x_wconf 84' lang='lat' dir='ltr'>fulminibus</span> 
     </span>
     <span class='ocr_line' id='line_1_3' title="bbox 48 321 741 364; baseline -0.003 -11"><span class='ocrx_word' id='word_1_8' title='bbox 48 333 163 364; x_wconf 84' lang='lat' dir='ltr'>parem</span> <span class='ocrx_word' id='word_1_9' title='bbox 180 323 308 363; x_wconf 79' lang='lat' dir='ltr'>peregit</span> <span class='ocrx_word' id='word_1_10' title='bbox 324 322 346 352; x_wconf 85' lang='lat'>?’</span> <span class='ocrx_word' id='word_1_11' title='bbox 369 332 463 352; x_wconf 67' lang='lat' dir='ltr'>versu</span> <span class='ocrx_word' id='word_1_12' title='bbox 487 321 671 360; x_wconf 85' lang='lat' dir='ltr'>penultimo</span> <span class='ocrx_word' id='word_1_13' title='bbox 696 322 741 351; x_wconf 86' lang='lat' dir='ltr'>le-</span> 
     </span>
     <span class='ocr_line' id='line_1_4' title="bbox 49 371 741 412; baseline -0.004 -9"><span class='ocrx_word' id='word_1_14' title='bbox 49 373 194 412; x_wconf 83' lang='lat' dir='ltr'>gendum</span> <span class='ocrx_word' id='word_1_15' title='bbox 204 373 337 410; x_wconf 78' lang='lat' dir='ltr'>fulmine</span> <span class='ocrx_word' id='word_1_16' title='bbox 352 375 462 409; x_wconf 81' lang='lat' dir='ltr'>tactus,</span> <span class='ocrx_word' id='word_1_17' title='bbox 477 371 528 400; x_wconf 70' lang='lat' dir='ltr'>vel</span> <span class='ocrx_word' id='word_1_18' title='bbox 545 373 661 409; x_wconf 79' lang='lat' dir='ltr'>raptus.</span> <span class='ocrx_word' id='word_1_19' title='bbox 697 371 741 400; x_wconf 85' lang='lat' dir='ltr'>D.</span> 
     </span>
     <span class='ocr_line' id='line_1_5' title="bbox 48 423 165 454; baseline 0 -1"><span class='ocrx_word' id='word_1_20' title='bbox 48 423 165 454; x_wconf 81' lang='lat' dir='ltr'>Heius.</span> 
     </span>
    </p>

    <p class='ocr_par' dir='ltr' id='par_1_3' title="bbox 43 469 744 953">
     <span class='ocr_line' id='line_1_6' title="bbox 88 469 741 511; baseline -0.003 -9"><span class='ocrx_word' id='word_1_21' title='bbox 88 475 127 502; x_wconf 82' lang='grc'>77</span> <span class='ocrx_word' id='word_1_22' title='bbox 153 472 281 511; x_wconf 75' lang='lat' dir='ltr'><em>Respuit</em></span> <span class='ocrx_word' id='word_1_23' title='bbox 296 469 457 508; x_wconf 80' lang='lat' dir='ltr'>incestum]</span> <span class='ocrx_word' id='word_1_24' title='bbox 483 469 640 507; x_wconf 81' lang='lat' dir='ltr'>Ingestum</span> <span class='ocrx_word' id='word_1_25' title='bbox 654 470 741 501; x_wconf 88' lang='lat' dir='ltr'>Gru-</span> 
     </span>
     <span class='ocr_line' id='line_1_7' title="bbox 47 519 741 553; baseline -0.001 -1"><span class='ocrx_word' id='word_1_26' title='bbox 47 526 138 553; x_wconf 88' lang='lat' dir='ltr'>terus</span> <span class='ocrx_word' id='word_1_27' title='bbox 154 521 195 551; x_wconf 87' lang='lat' dir='ltr'>ad</span> <span class='ocrx_word' id='word_1_28' title='bbox 211 521 371 550; x_wconf 77' lang='lat' dir='ltr'>Senecam</span> <span class='ocrx_word' id='word_1_29' title='bbox 387 530 393 549; x_wconf 94' lang='lat'>:</span> <span class='ocrx_word' id='word_1_30' title='bbox 423 525 457 549; x_wconf 91' lang='lat' dir='ltr'>et</span> <span class='ocrx_word' id='word_1_31' title='bbox 474 519 522 550; x_wconf 88' lang='grc'>510</span> <span class='ocrx_word' id='word_1_32' title='bbox 539 520 685 550; x_wconf 87' lang='lat' dir='ltr'>Lucens.</span> <span class='ocrx_word' id='word_1_33' title='bbox 703 530 741 551; x_wconf 86' lang='lat' dir='ltr'>ac</span> 
     </span>
     <span class='ocr_line' id='line_1_8' title="bbox 46 570 742 611; baseline -0.001 -10"><span class='ocrx_word' id='word_1_34' title='bbox 46 573 143 611; x_wconf 92' lang='lat' dir='ltr'>prim.</span> <span class='ocrx_word' id='word_1_35' title='bbox 162 571 273 601; x_wconf 80' lang='lat' dir='ltr'>Vatic.</span> <span class='ocrx_word' id='word_1_36' title='bbox 299 571 449 600; x_wconf 81' lang='lat' dir='ltr'>incertum</span> <span class='ocrx_word' id='word_1_37' title='bbox 465 570 625 609; x_wconf 82' lang='lat' dir='ltr'><strong>Scaliger.</strong></span> <span class='ocrx_word' id='word_1_38' title='bbox 660 571 742 601; x_wconf 85' lang='lat' dir='ltr'>Del-</span> 
     </span>
     <span class='ocr_line' id='line_1_9' title="bbox 46 620 742 660; baseline 0 -9"><span class='ocrx_word' id='word_1_39' title='bbox 46 621 112 651; x_wconf 83' lang='grc'>11115</span> <span class='ocrx_word' id='word_1_40' title='bbox 127 621 166 651; x_wconf 83' lang='grc'>311</span> <span class='ocrx_word' id='word_1_41' title='bbox 183 620 345 651; x_wconf 75' lang='lat' dir='ltr'>Senecam</span> <span class='ocrx_word' id='word_1_42' title='bbox 360 620 415 651; x_wconf 88' lang='lat' dir='ltr'>hoc</span> <span class='ocrx_word' id='word_1_43' title='bbox 425 623 597 660; x_wconf 79' lang='lat' dir='ltr'><em>sceptrum:</em></span> <span class='ocrx_word' id='word_1_44' title='bbox 621 630 742 660; x_wconf 85' lang='lat' dir='ltr'>perpe-</span> 
     </span>
     <span class='ocr_line' id='line_1_10' title="bbox 44 670 740 710; baseline 0 -10"><span class='ocrx_word' id='word_1_45' title='bbox 44 680 135 708; x_wconf 83' lang='lat' dir='ltr'>ram;</span> <span class='ocrx_word' id='word_1_46' title='bbox 173 670 329 701; x_wconf 88' lang='lat' dir='ltr'>Sidonius</span> <span class='ocrx_word' id='word_1_47' title='bbox 367 670 585 710; x_wconf 70' lang='lat' dir='ltr'>Panegyrico</span> <span class='ocrx_word' id='word_1_48' title='bbox 625 670 717 701; x_wconf 78' lang='lat' dir='ltr'>Aviti</span> <span class='ocrx_word' id='word_1_49' title='bbox 734 681 740 700; x_wconf 89' lang='lat'>:</span> 
     </span>
     <span class='ocr_line' id='line_1_11' title="bbox 45 720 743 761; baseline 0 -10"><span class='ocrx_word' id='word_1_50' title='bbox 45 720 54 736; x_wconf 88' lang='lat'>‘</span> <span class='ocrx_word' id='word_1_51' title='bbox 72 721 119 751; x_wconf 89' lang='lat' dir='ltr'>Ut</span> <span class='ocrx_word' id='word_1_52' title='bbox 143 721 284 759; x_wconf 85' lang='lat' dir='ltr'>primum</span> <span class='ocrx_word' id='word_1_53' title='bbox 303 720 422 758; x_wconf 69' lang='lat' dir='ltr'>ingesti</span> <span class='ocrx_word' id='word_1_54' title='bbox 442 720 571 760; x_wconf 86' lang='lat' dir='ltr'>pondus</span> <span class='ocrx_word' id='word_1_55' title='bbox 595 721 743 761; x_wconf 84' lang='lat' dir='ltr'><strong>suscepit</strong></span> 
     </span>
     <span class='ocr_line' id='line_1_12' title="bbox 43 769 742 801; baseline 0.001 -1"><span class='ocrx_word' id='word_1_56' title='bbox 43 770 201 801; x_wconf 82' lang='lat' dir='ltr'>honoris.&#39;</span> <span class='ocrx_word' id='word_1_57' title='bbox 258 770 362 800; x_wconf 86' lang='lat' dir='ltr'>Plura</span> <span class='ocrx_word' id='word_1_58' title='bbox 407 769 620 800; x_wconf 63' lang='lat' dir='ltr'>adstruendae</span> <span class='ocrx_word' id='word_1_59' title='bbox 665 770 742 801; x_wconf 85' lang='lat' dir='ltr'>huic</span> 
     </span>
     <span class='ocr_line' id='line_1_13' title="bbox 45 819 744 860; baseline -0.003 -9"><span class='ocrx_word' id='word_1_60' title='bbox 45 821 223 860; x_wconf 68' lang='lat' dir='ltr'>scripturae.</span> <span class='ocrx_word' id='word_1_61' title='bbox 255 820 423 859; x_wconf 82' lang='lat' dir='ltr'>congessit</span> <span class='ocrx_word' id='word_1_62' title='bbox 461 820 550 850; x_wconf 88' lang='lat' dir='ltr'>curis</span> <span class='ocrx_word' id='word_1_63' title='bbox 589 819 744 850; x_wconf 80' lang='lat' dir='ltr'>secundis</span> 
     </span>
     <span class='ocr_line' id='line_1_14' title="bbox 46 870 743 910; baseline -0.003 -8"><span class='ocrx_word' id='word_1_64' title='bbox 46 871 216 902; x_wconf 83' lang='lat' dir='ltr'>Barthius.</span> <span class='ocrx_word' id='word_1_65' title='bbox 263 872 344 902; x_wconf 72' lang='lat' dir='ltr'>Mox</span> <span class='ocrx_word' id='word_1_66' title='bbox 369 874 433 901; x_wconf 83' lang='lat' dir='ltr'>tum</span> <span class='ocrx_word' id='word_1_67' title='bbox 456 880 517 910; x_wconf 89' lang='lat' dir='ltr'>pro</span> <span class='ocrx_word' id='word_1_68' title='bbox 537 880 595 901; x_wconf 79' lang='lat' dir='ltr'>non</span> <span class='ocrx_word' id='word_1_69' title='bbox 612 870 743 910; x_wconf 89' lang='lat' dir='ltr'>scripti.</span> 
     </span>
     <span class='ocr_line' id='line_1_15' title="bbox 46 923 144 953; baseline -0.01 0"><span class='ocrx_word' id='word_1_70' title='bbox 46 923 144 953; x_wconf 78' lang='lat' dir='ltr'>Idem.</span> 
     </span>
    </p>

    <p class='ocr_par' dir='ltr' id='par_1_4' title="bbox 45 970 745 1203">
     <span class='ocr_line' id='line_1_16' title="bbox 89 970 743 1011; baseline -0.002 -10"><span class='ocrx_word' id='word_1_71' title='bbox 89 971 264 1011; x_wconf 76' lang='lat' dir='ltr'>Ingestum]</span> <span class='ocrx_word' id='word_1_72' title='bbox 286 971 432 1010; x_wconf 82' lang='lat' dir='ltr'>Iugerere</span> <span class='ocrx_word' id='word_1_73' title='bbox 449 980 517 1000; x_wconf 85' lang='lat' dir='ltr'>rem</span> <span class='ocrx_word' id='word_1_74' title='bbox 536 970 661 1001; x_wconf 85' lang='lat' dir='ltr'>dicitur</span> <span class='ocrx_word' id='word_1_75' title='bbox 687 970 743 1011; x_wconf 88' lang='lat' dir='ltr'>qui</span> 
     </span>
     <span class='ocr_line' id='line_1_17' title="bbox 46 1020 743 1061; baseline -0.004 -9"><span class='ocrx_word' id='word_1_76' title='bbox 46 1021 150 1052; x_wconf 90' lang='lat' dir='ltr'>invito</span> <span class='ocrx_word' id='word_1_77' title='bbox 159 1021 397 1061; x_wconf 83' lang='lat' dir='ltr'>obnitentique</span> <span class='ocrx_word' id='word_1_78' title='bbox 412 1020 577 1059; x_wconf 81' lang='lat' dir='ltr'>obtrudit,</span> <span class='ocrx_word' id='word_1_79' title='bbox 588 1030 653 1060; x_wconf 90' lang='lat' dir='ltr'>quo</span> <span class='ocrx_word' id='word_1_80' title='bbox 668 1030 743 1060; x_wconf 85' lang='lat' dir='ltr'>pac-</span> 
     </span>
     <span class='ocr_line' id='line_1_18' title="bbox 45 1070 745 1110; baseline -0.003 -9"><span class='ocrx_word' id='word_1_81' title='bbox 45 1075 80 1101; x_wconf 93' lang='lat' dir='ltr'>to</span> <span class='ocrx_word' id='word_1_82' title='bbox 96 1070 267 1101; x_wconf 80' lang='lat' dir='ltr'>obtrusum</span> <span class='ocrx_word' id='word_1_83' title='bbox 283 1070 465 1110; x_wconf 79' lang='lat' dir='ltr'><strong>Imperium</strong></span> <span class='ocrx_word' id='word_1_84' title='bbox 479 1070 639 1109; x_wconf 83' lang='lat' dir='ltr'>singulari</span> <span class='ocrx_word' id='word_1_85' title='bbox 654 1080 745 1110; x_wconf 80' lang='lat' dir='ltr'>mag-</span> 
     </span>
     <span class='ocr_line' id='line_1_19' title="bbox 46 1121 743 1162; baseline 0.003 -11"><span class='ocrx_word' id='word_1_86' title='bbox 46 1121 240 1152; x_wconf 88' lang='lat' dir='ltr'>nanimitate</span> <span class='ocrx_word' id='word_1_87' title='bbox 257 1125 292 1152; x_wconf 88' lang='lat' dir='ltr'>ct</span> <span class='ocrx_word' id='word_1_88' title='bbox 306 1121 560 1162; x_wconf 63' lang='lat' dir='ltr'>aequanimitate</span> <span class='ocrx_word' id='word_1_89' title='bbox 576 1121 743 1153; x_wconf 82' lang='lat' dir='ltr'>refutasse</span> 
     </span>
     <span class='ocr_line' id='line_1_20' title="bbox 46 1172 560 1203; baseline -0.002 0"><span class='ocrx_word' id='word_1_90' title='bbox 46 1172 91 1203; x_wconf 83' lang='lat' dir='ltr'>ait</span> <span class='ocrx_word' id='word_1_91' title='bbox 104 1172 293 1203; x_wconf 84' lang='lat' dir='ltr'>Celerinum</span> <span class='ocrx_word' id='word_1_92' title='bbox 311 1181 418 1202; x_wconf 92' lang='lat' dir='ltr'>suum.</span> <span class='ocrx_word' id='word_1_93' title='bbox 444 1172 560 1202; x_wconf 80' lang='lat' dir='ltr'>Barth.</span> 
     </span>
    </p>

    <p class='ocr_par' dir='ltr' id='par_1_5' title="bbox 44 1222 744 1311">
     <span class='ocr_line' id='line_1_21' title="bbox 87 1222 743 1263; baseline 0 -10"><span class='ocrx_word' id='word_1_94' title='bbox 87 1225 129 1254; x_wconf 82' lang='lat'>78</span> <span class='ocrx_word' id='word_1_95' title='bbox 156 1223 299 1263; x_wconf 78' lang='lat' dir='ltr'>Purpura</span> <span class='ocrx_word' id='word_1_96' title='bbox 321 1222 469 1263; x_wconf 81' lang='lat' dir='ltr'>primum]</span> <span class='ocrx_word' id='word_1_97' title='bbox 503 1222 660 1262; x_wconf 78' lang='lat' dir='ltr'>Dignitas</span> <span class='ocrx_word' id='word_1_98' title='bbox 684 1223 743 1253; x_wconf 89' lang='lat' dir='ltr'>mi-</span> 
     </span>
     <span class='ocr_line' id='line_1_22' title="bbox 44 1273 744 1311; baseline -0.001 -8"><span class='ocrx_word' id='word_1_99' title='bbox 44 1283 106 1303; x_wconf 88' lang='lat' dir='ltr'>nor</span> <span class='ocrx_word' id='word_1_100' title='bbox 123 1273 261 1304; x_wconf 72' lang='lat' dir='ltr'>virtute.</span> <span class='ocrx_word' id='word_1_101' title='bbox 306 1273 411 1311; x_wconf 82' lang='lat' dir='ltr'>Vicit,</span> <span class='ocrx_word' id='word_1_102' title='bbox 433 1273 490 1311; x_wconf 82' lang='lat' dir='ltr'>ait,</span> <span class='ocrx_word' id='word_1_103' title='bbox 510 1273 692 1304; x_wconf 82' lang='lat' dir='ltr'>Fortunam</span> <span class='ocrx_word' id='word_1_104' title='bbox 710 1278 744 1303; x_wconf 88' lang='lat' dir='ltr'>et</span> 
     </span>
    </p>
   </div>
   <div class='ocr_carea' id='block_1_3' title="bbox 46 1322 745 1403">
    <p class='ocr_par' dir='ltr' id='par_1_6' title="bbox 46 1322 745 1403">
     <span class='ocr_line' id='line_1_23' title="bbox 46 1322 745 1363; baseline -0.001 -10"><span class='ocrx_word' id='word_1_105' title='bbox 46 1322 286 1362; x_wconf 84' lang='lat' dir='ltr'>Ambitionem,</span> <span class='ocrx_word' id='word_1_106' title='bbox 298 1322 545 1353; x_wconf 88' lang='lat' dir='ltr'>contemnendo</span> <span class='ocrx_word' id='word_1_107' title='bbox 557 1327 745 1363; x_wconf 82' lang='lat' dir='ltr'>utramque.</span> 
     </span>
     <span class='ocr_line' id='line_1_24' title="bbox 47 1372 145 1403; baseline 0 -1"><span class='ocrx_word' id='word_1_108' title='bbox 47 1372 145 1403; x_wconf 84' lang='lat' dir='ltr'>Idem.</span> 
     </span>
    </p>
   </div>
   <div class='ocr_carea' id='block_1_4' title="bbox 46 1421 750 2104">
    <p class='ocr_par' dir='ltr' id='par_1_7' title="bbox 46 1421 749 1661">
     <span class='ocr_line' id='line_1_25' title="bbox 90 1421 747 1462; baseline -0.003 -9"><span class='ocrx_word' id='word_1_109' title='bbox 90 1424 131 1453; x_wconf 77' lang='grc'>79</span> <span class='ocrx_word' id='word_1_110' title='bbox 155 1422 330 1462; x_wconf 76' lang='lat' dir='ltr'>Mctuitque</span> <span class='ocrx_word' id='word_1_111' title='bbox 340 1421 507 1462; x_wconf 76' lang='lat' dir='ltr'>repulsam]</span> <span class='ocrx_word' id='word_1_112' title='bbox 531 1421 604 1452; x_wconf 91' lang='lat' dir='ltr'>Imo</span> <span class='ocrx_word' id='word_1_113' title='bbox 620 1421 747 1451; x_wconf 77' lang='lat' dir='ltr'>meruit-</span> 
     </span>
     <span class='ocr_line' id='line_1_26' title="bbox 46 1471 746 1512; baseline -0.001 -11"><span class='ocrx_word' id='word_1_114' title='bbox 46 1482 102 1512; x_wconf 81' lang='lat' dir='ltr'>que</span> <span class='ocrx_word' id='word_1_115' title='bbox 133 1482 208 1503; x_wconf 89' lang='lat' dir='ltr'>cum</span> <span class='ocrx_word' id='word_1_116' title='bbox 238 1472 342 1502; x_wconf 85' lang='lat' dir='ltr'>libris.</span> <span class='ocrx_word' id='word_1_117' title='bbox 386 1471 515 1501; x_wconf 79' lang='lat' dir='ltr'>Statius</span> <span class='ocrx_word' id='word_1_118' title='bbox 546 1471 746 1501; x_wconf 83' lang='lat' dir='ltr'>Surrentino</span> 
     </span>
     <span class='ocr_line' id='line_1_27' title="bbox 47 1520 748 1561; baseline -0.003 -10"><span class='ocrx_word' id='word_1_119' title='bbox 47 1522 168 1552; x_wconf 84' lang='lat' dir='ltr'>Pollii:</span> <span class='ocrx_word' id='word_1_120' title='bbox 194 1522 202 1538; x_wconf 87' lang='lat'>‘</span> <span class='ocrx_word' id='word_1_121' title='bbox 221 1522 390 1561; x_wconf 82' lang='lat' dir='ltr'>Spemque</span> <span class='ocrx_word' id='word_1_122' title='bbox 406 1524 602 1560; x_wconf 79' lang='lat' dir='ltr'>metumque</span> <span class='ocrx_word' id='word_1_123' title='bbox 619 1520 748 1559; x_wconf 84' lang='lat' dir='ltr'>domas,</span> 
     </span>
     <span class='ocr_line' id='line_1_28' title="bbox 46 1570 749 1611; baseline -0.003 -10"><span class='ocrx_word' id='word_1_124' title='bbox 46 1570 343 1611; x_wconf 54' lang='lat' dir='ltr'>indignantemque</span> <span class='ocrx_word' id='word_1_125' title='bbox 369 1570 502 1610; x_wconf 79' lang='lat' dir='ltr'>repellis</span> <span class='ocrx_word' id='word_1_126' title='bbox 531 1570 749 1600; x_wconf 79' lang='lat' dir='ltr'>Fortunamz&#39;</span> 
     </span>
     <span class='ocr_line' id='line_1_29' title="bbox 49 1620 630 1661; baseline 0 -10"><span class='ocrx_word' id='word_1_127' title='bbox 49 1621 96 1651; x_wconf 77' lang='grc'>510</span> <span class='ocrx_word' id='word_1_128' title='bbox 115 1621 204 1661; x_wconf 84' lang='lat' dir='ltr'>leg0,</span> <span class='ocrx_word' id='word_1_129' title='bbox 219 1630 283 1651; x_wconf 92' lang='lat' dir='ltr'>non</span> <span class='ocrx_word' id='word_1_130' title='bbox 299 1620 427 1658; x_wconf 79' lang='lat' dir='ltr'>resellis.</span> <span class='ocrx_word' id='word_1_131' title='bbox 451 1621 492 1650; x_wconf 93' lang='lat' dir='ltr'>D.</span> <span class='ocrx_word' id='word_1_132' title='bbox 511 1621 630 1651; x_wconf 83' lang='lat' dir='ltr'>Heius.</span> 
     </span>
    </p>

    <p class='ocr_par' dir='ltr' id='par_1_8' title="bbox 49 1670 750 1864">
     <span class='ocr_line' id='line_1_30' title="bbox 91 1670 748 1711; baseline 0 -10"><span class='ocrx_word' id='word_1_133' title='bbox 91 1673 128 1701; x_wconf 83' lang='lat'>81</span> <span class='ocrx_word' id='word_1_134' title='bbox 170 1670 209 1701; x_wconf 76' lang='lat' dir='ltr'>Se</span> <span class='ocrx_word' id='word_1_135' title='bbox 238 1671 373 1708; x_wconf 80' lang='lat' dir='ltr'>confessa</span> <span class='ocrx_word' id='word_1_136' title='bbox 404 1671 485 1711; x_wconf 69' lang='lat' dir='ltr'>viro]</span> <span class='ocrx_word' id='word_1_137' title='bbox 523 1672 619 1702; x_wconf 85' lang='lat' dir='ltr'>Bene</span> <span class='ocrx_word' id='word_1_138' title='bbox 647 1670 748 1701; x_wconf 89' lang='lat' dir='ltr'>iidem</span> 
     </span>
     <span class='ocr_line' id='line_1_31' title="bbox 49 1721 750 1762; baseline -0.003 -9"><span class='ocrx_word' id='word_1_139' title='bbox 49 1722 165 1762; x_wconf 84' lang='lat' dir='ltr'>scripti</span> <span class='ocrx_word' id='word_1_140' title='bbox 183 1732 330 1753; x_wconf 78' lang='lat' dir='ltr'>concessa.</span> <span class='ocrx_word' id='word_1_141' title='bbox 356 1722 438 1752; x_wconf 81' lang='lat' dir='ltr'>Mox</span> <span class='ocrx_word' id='word_1_142' title='bbox 454 1722 554 1752; x_wconf 80' lang='lat' dir='ltr'>delata</span> <span class='ocrx_word' id='word_1_143' title='bbox 572 1721 658 1751; x_wconf 90' lang='lat' dir='ltr'>bene</span> <span class='ocrx_word' id='word_1_144' title='bbox 670 1721 750 1751; x_wconf 83' lang='lat' dir='ltr'>Pul-</span> 
     </span>
     <span class='ocr_line' id='line_1_32' title="bbox 49 1771 748 1813; baseline -0.001 -9"><span class='ocrx_word' id='word_1_145' title='bbox 49 1782 187 1804; x_wconf 89' lang='lat' dir='ltr'>mannus</span> <span class='ocrx_word' id='word_1_146' title='bbox 205 1783 278 1804; x_wconf 90' lang='lat' dir='ltr'>cum</span> <span class='ocrx_word' id='word_1_147' title='bbox 299 1774 396 1813; x_wconf 83' lang='lat' dir='ltr'>prim.</span> <span class='ocrx_word' id='word_1_148' title='bbox 414 1773 526 1804; x_wconf 81' lang='lat' dir='ltr'>vatic.</span> <span class='ocrx_word' id='word_1_149' title='bbox 544 1777 578 1803; x_wconf 88' lang='lat' dir='ltr'>et</span> <span class='ocrx_word' id='word_1_150' title='bbox 592 1771 748 1803; x_wconf 82' lang='lat' dir='ltr'>Ambros.</span> 
     </span>
     <span class='ocr_line' id='line_1_33' title="bbox 49 1823 381 1864; baseline 0 -11"><span class='ocrx_word' id='word_1_151' title='bbox 49 1833 109 1864; x_wconf 86' lang='lat' dir='ltr'>pro</span> <span class='ocrx_word' id='word_1_152' title='bbox 125 1823 250 1854; x_wconf 78' lang='lat' dir='ltr'>delecta.</span> <span class='ocrx_word' id='word_1_153' title='bbox 274 1823 381 1854; x_wconf 86' lang='lat' dir='ltr'>Idem.</span> 
     </span>
    </p>

    <p class='ocr_par' dir='ltr' id='par_1_9' title="bbox 50 1873 750 2104">
     <span class='ocr_line' id='line_1_34' title="bbox 92 1873 750 1914; baseline -0.003 -9"><span class='ocrx_word' id='word_1_154' title='bbox 92 1878 132 1905; x_wconf 85' lang='grc'>82</span> <span class='ocrx_word' id='word_1_155' title='bbox 158 1875 310 1913; x_wconf 74' lang='lat' dir='ltr'>Major-mn</span> <span class='ocrx_word' id='word_1_156' title='bbox 325 1877 476 1905; x_wconf 81' lang='lat' dir='ltr'>contemta</span> <span class='ocrx_word' id='word_1_157' title='bbox 491 1874 614 1914; x_wconf 83' lang='lat' dir='ltr'>probat]</span> <span class='ocrx_word' id='word_1_158' title='bbox 638 1873 750 1904; x_wconf 85' lang='lat' dir='ltr'>Pauli-</span> 
     </span>
     <span class='ocr_line' id='line_1_35' title="bbox 50 1924 750 1964; baseline 0 -10"><span class='ocrx_word' id='word_1_159' title='bbox 50 1933 110 1954; x_wconf 86' lang='lat' dir='ltr'>nus</span> <span class='ocrx_word' id='word_1_160' title='bbox 130 1924 348 1963; x_wconf 81' lang='lat' dir='ltr'>Benedictus,</span> <span class='ocrx_word' id='word_1_161' title='bbox 366 1925 387 1955; x_wconf 93' lang='lat' dir='ltr'>l.</span> <span class='ocrx_word' id='word_1_162' title='bbox 406 1934 429 1955; x_wconf 90' lang='lat'>1.</span> <span class='ocrx_word' id='word_1_163' title='bbox 445 1925 586 1955; x_wconf 84' lang='lat' dir='ltr'>Martin.</span> <span class='ocrx_word' id='word_1_164' title='bbox 603 1927 612 1941; x_wconf 86' lang='lat'>‘</span> <span class='ocrx_word' id='word_1_165' title='bbox 631 1925 750 1964; x_wconf 86' lang='lat' dir='ltr'>major-</span> 
     </span>
     <span class='ocr_line' id='line_1_36' title="bbox 51 1975 750 2016; baseline 0 -11"><span class='ocrx_word' id='word_1_166' title='bbox 51 1984 116 2015; x_wconf 90' lang='lat' dir='ltr'>que</span> <span class='ocrx_word' id='word_1_167' title='bbox 132 1975 294 2014; x_wconf 82' lang='lat' dir='ltr'>probatur</span> <span class='ocrx_word' id='word_1_168' title='bbox 311 1976 399 2006; x_wconf 89' lang='lat' dir='ltr'>Dum</span> <span class='ocrx_word' id='word_1_169' title='bbox 417 1976 514 2016; x_wconf 90' lang='lat' dir='ltr'>cupit</span> <span class='ocrx_word' id='word_1_170' title='bbox 530 1985 604 2006; x_wconf 88' lang='lat' dir='ltr'>esse</span> <span class='ocrx_word' id='word_1_171' title='bbox 620 1975 728 2006; x_wconf 88' lang='lat' dir='ltr'>minor</span> <span class='ocrx_word' id='word_1_172' title='bbox 742 1986 750 2014; x_wconf 88' lang='lat'>;</span> 
     </span>
     <span class='ocr_line' id='line_1_37' title="bbox 52 2025 750 2057; baseline 0.003 -3"><span class='ocrx_word' id='word_1_173' title='bbox 52 2033 127 2054; x_wconf 88' lang='lat' dir='ltr'>nam</span> <span class='ocrx_word' id='word_1_174' title='bbox 143 2025 290 2055; x_wconf 87' lang='lat' dir='ltr'>Laudem</span> <span class='ocrx_word' id='word_1_175' title='bbox 309 2031 458 2056; x_wconf 80' lang='lat' dir='ltr'>temnere</span> <span class='ocrx_word' id='word_1_176' title='bbox 476 2027 562 2056; x_wconf 90' lang='lat' dir='ltr'>Laus</span> <span class='ocrx_word' id='word_1_177' title='bbox 579 2025 652 2057; x_wconf 61' lang='lat' dir='ltr'>est!</span> <span class='ocrx_word' id='word_1_178' title='bbox 670 2027 750 2057; x_wconf 85' lang='lat' dir='ltr'>Bar·</span> 
     </span>
     <span class='ocr_line' id='line_1_38' title="bbox 51 2074 143 2104; baseline 0 0"><span class='ocrx_word' id='word_1_179' title='bbox 51 2074 143 2104; x_wconf 84' lang='lat' dir='ltr'>thius.</span> 
     </span>
    </p>
   </div>
   <div class='ocr_carea' id='block_1_5' title="bbox 52 2124 758 2819">
    <p class='ocr_par' dir='ltr' id='par_1_10' title="bbox 52 2124 753 2306">
     <span class='ocr_line' id='line_1_39' title="bbox 93 2124 752 2164; baseline 0.002 -10"><span class='ocrx_word' id='word_1_180' title='bbox 93 2127 131 2154; x_wconf 80' lang='lat'>83</span> <span class='ocrx_word' id='word_1_181' title='bbox 160 2125 257 2154; x_wconf 80' lang='lat' dir='ltr'>Plena</span> <span class='ocrx_word' id='word_1_182' title='bbox 272 2124 396 2164; x_wconf 80' lang='lat' dir='ltr'>ducum]</span> <span class='ocrx_word' id='word_1_183' title='bbox 434 2125 634 2163; x_wconf 77' lang='lat' dir='ltr'>Magistrum</span> <span class='ocrx_word' id='word_1_184' title='bbox 662 2125 752 2155; x_wconf 82' lang='lat' dir='ltr'>Mili-</span> 
     </span>
     <span class='ocr_line' id='line_1_40' title="bbox 52 2174 752 2214; baseline -0.003 -9"><span class='ocrx_word' id='word_1_185' title='bbox 52 2174 108 2205; x_wconf 82' lang='lat' dir='ltr'>tioe</span> <span class='ocrx_word' id='word_1_186' title='bbox 126 2184 318 2214; x_wconf 87' lang='lat' dir='ltr'>supremum</span> <span class='ocrx_word' id='word_1_187' title='bbox 340 2174 443 2204; x_wconf 86' lang='lat' dir='ltr'>fuisse</span> <span class='ocrx_word' id='word_1_188' title='bbox 460 2174 600 2204; x_wconf 85' lang='lat' dir='ltr'>indicat.</span> <span class='ocrx_word' id='word_1_189' title='bbox 646 2174 752 2204; x_wconf 86' lang='lat' dir='ltr'>Plena</span> 
     </span>
     <span class='ocr_line' id='line_1_41' title="bbox 53 2223 753 2265; baseline -0.003 -10"><span class='ocrx_word' id='word_1_190' title='bbox 53 2225 136 2255; x_wconf 84' lang='lat' dir='ltr'>dicit</span> <span class='ocrx_word' id='word_1_191' title='bbox 150 2226 319 2264; x_wconf 76' lang='lat' dir='ltr'>sumsisse,</span> <span class='ocrx_word' id='word_1_192' title='bbox 332 2225 411 2265; x_wconf 83' lang='lat' dir='ltr'>quia</span> <span class='ocrx_word' id='word_1_193' title='bbox 427 2225 553 2255; x_wconf 88' lang='lat' dir='ltr'>nullum</span> <span class='ocrx_word' id='word_1_194' title='bbox 572 2223 664 2264; x_wconf 89' lang='lat' dir='ltr'>prius</span> <span class='ocrx_word' id='word_1_195' title='bbox 678 2233 753 2264; x_wconf 80' lang='lat' dir='ltr'>gra·</span> 
     </span>
     <span class='ocr_line' id='line_1_42' title="bbox 53 2274 417 2306; baseline 0.003 -1"><span class='ocrx_word' id='word_1_196' title='bbox 53 2274 128 2306; x_wconf 86' lang='lat' dir='ltr'>dum</span> <span class='ocrx_word' id='word_1_197' title='bbox 146 2276 293 2306; x_wconf 83' lang='lat' dir='ltr'>iniverit.</span> <span class='ocrx_word' id='word_1_198' title='bbox 319 2276 417 2306; x_wconf 82' lang='lat' dir='ltr'>Idem.</span> 
     </span>
    </p>

    <p class='ocr_par' dir='ltr' id='par_1_11' title="bbox 54 2325 755 2457">
     <span class='ocr_line' id='line_1_43' title="bbox 97 2325 755 2365; baseline 0 -10"><span class='ocrx_word' id='word_1_199' title='bbox 97 2326 193 2357; x_wconf 79' lang='lat' dir='ltr'>Plena</span> <span class='ocrx_word' id='word_1_200' title='bbox 208 2325 333 2365; x_wconf 80' lang='lat' dir='ltr'>ducum]</span> <span class='ocrx_word' id='word_1_201' title='bbox 359 2326 508 2356; x_wconf 79' lang='lat' dir='ltr'>Florent.</span> <span class='ocrx_word' id='word_1_202' title='bbox 533 2326 567 2356; x_wconf 87' lang='lat' dir='ltr'>S.</span> <span class='ocrx_word' id='word_1_203' title='bbox 585 2325 695 2355; x_wconf 83' lang='lat' dir='ltr'>Marci</span> <span class='ocrx_word' id='word_1_204' title='bbox 719 2329 755 2356; x_wconf 88' lang='lat' dir='ltr'>et</span> 
     </span>
     <span class='ocr_line' id='line_1_44' title="bbox 55 2375 752 2416; baseline 0 -10"><span class='ocrx_word' id='word_1_205' title='bbox 55 2375 182 2406; x_wconf 80' lang='lat' dir='ltr'>Buslid.</span> <span class='ocrx_word' id='word_1_206' title='bbox 199 2377 283 2406; x_wconf 82' lang='lat' dir='ltr'>ducit</span> <span class='ocrx_word' id='word_1_207' title='bbox 300 2387 311 2413; x_wconf 90' lang='grc'><em>;</em></span> <span class='ocrx_word' id='word_1_208' title='bbox 335 2377 409 2416; x_wconf 79' lang='lat' dir='ltr'>lege</span> <span class='ocrx_word' id='word_1_209' title='bbox 426 2376 538 2406; x_wconf 81' lang='lat' dir='ltr'>ducis:</span> <span class='ocrx_word' id='word_1_210' title='bbox 559 2376 641 2407; x_wconf 81' lang='lat' dir='ltr'>diem</span> <span class='ocrx_word' id='word_1_211' title='bbox 658 2376 752 2406; x_wconf 80' lang='lat' dir='ltr'>Uise·</span> 
     </span>
     <span class='ocr_line' id='line_1_45' title="bbox 54 2424 372 2457; baseline 0.006 -2"><span class='ocrx_word' id='word_1_212' title='bbox 54 2424 172 2455; x_wconf 86' lang='lat' dir='ltr'>lianus.</span> <span class='ocrx_word' id='word_1_213' title='bbox 197 2426 240 2455; x_wconf 92' lang='lat' dir='ltr'>D.</span> <span class='ocrx_word' id='word_1_214' title='bbox 262 2426 372 2457; x_wconf 75' lang='lat' dir='ltr'>Heius.</span> 
     </span>
    </p>

    <p class='ocr_par' dir='ltr' id='par_1_12' title="bbox 56 2474 758 2767">
     <span class='ocr_line' id='line_1_46' title="bbox 105 2474 756 2517; baseline 0.005 -13"><span class='ocrx_word' id='word_1_215' title='bbox 105 2474 214 2504; x_wconf 74' lang='lat' dir='ltr'>Vectus</span> <span class='ocrx_word' id='word_1_216' title='bbox 233 2476 272 2504; x_wconf 84' lang='grc'>1111</span> <span class='ocrx_word' id='word_1_217' title='bbox 287 2476 396 2515; x_wconf 79' lang='lat' dir='ltr'>altum]</span> <span class='ocrx_word' id='word_1_218' title='bbox 427 2477 465 2506; x_wconf 84' lang='lat' dir='ltr'>In</span> <span class='ocrx_word' id='word_1_219' title='bbox 490 2477 586 2507; x_wconf 83' lang='lat' dir='ltr'>altum</span> <span class='ocrx_word' id='word_1_220' title='bbox 610 2481 756 2517; x_wconf 85' lang='lat' dir='ltr'>quatuor</span> 
     </span>
     <span class='ocr_line' id='line_1_47' title="bbox 56 2524 756 2564; baseline 0.003 -9"><span class='ocrx_word' id='word_1_221' title='bbox 56 2524 145 2555; x_wconf 85' lang='lat' dir='ltr'>libri.</span> <span class='ocrx_word' id='word_1_222' title='bbox 192 2524 294 2564; x_wconf 83' lang='lat' dir='ltr'>Lego,</span> <span class='ocrx_word' id='word_1_223' title='bbox 318 2529 437 2556; x_wconf 79' lang='lat' dir='ltr'>evectus</span> <span class='ocrx_word' id='word_1_224' title='bbox 459 2527 490 2556; x_wconf 82' lang='lat' dir='ltr'>in</span> <span class='ocrx_word' id='word_1_225' title='bbox 511 2528 617 2557; x_wconf 83' lang='lat' dir='ltr'>altum.</span> <span class='ocrx_word' id='word_1_226' title='bbox 651 2528 756 2557; x_wconf 79' lang='lat' dir='ltr'>subre-</span> 
     </span>
     <span class='ocr_line' id='line_1_48' title="bbox 57 2575 756 2617; baseline 0.003 -12"><span class='ocrx_word' id='word_1_227' title='bbox 57 2576 127 2605; x_wconf 80' lang='lat' dir='ltr'>here</span> <span class='ocrx_word' id='word_1_228' title='bbox 144 2575 228 2605; x_wconf 81' lang='lat' dir='ltr'>dixit</span> <span class='ocrx_word' id='word_1_229' title='bbox 254 2576 380 2607; x_wconf 75' lang='lat' dir='ltr'>Statius</span> <span class='ocrx_word' id='word_1_230' title='bbox 411 2579 584 2617; x_wconf 84' lang='lat' dir='ltr'>Lacrymis</span> <span class='ocrx_word' id='word_1_231' title='bbox 608 2578 756 2616; x_wconf 82' lang='lat' dir='ltr'>Etrusci,</span> 
     </span>
     <span class='ocr_line' id='line_1_49' title="bbox 57 2625 756 2658; baseline 0 -1"><span class='ocrx_word' id='word_1_232' title='bbox 57 2626 113 2657; x_wconf 88' lang='lat' dir='ltr'>ubi</span> <span class='ocrx_word' id='word_1_233' title='bbox 131 2625 267 2655; x_wconf 69' lang='lat' dir='ltr'>subrexit</span> <span class='ocrx_word' id='word_1_234' title='bbox 286 2627 392 2656; x_wconf 86' lang='lat' dir='ltr'>minus</span> <span class='ocrx_word' id='word_1_235' title='bbox 419 2628 583 2658; x_wconf 88' lang='lat' dir='ltr'>concinne</span> <span class='ocrx_word' id='word_1_236' title='bbox 606 2638 694 2658; x_wconf 87' lang='grc'>1111110</span> <span class='ocrx_word' id='word_1_237' title='bbox 711 2629 756 2658; x_wconf 89' lang='grc'>10-</span> 
     </span>
     <span class='ocr_line' id='line_1_50' title="bbox 58 2675 757 2717; baseline 0.003 -12"><span class='ocrx_word' id='word_1_238' title='bbox 58 2677 169 2717; x_wconf 86' lang='lat' dir='ltr'>gitur:</span> <span class='ocrx_word' id='word_1_239' title='bbox 195 2676 203 2692; x_wconf 89' lang='lat'>‘</span> <span class='ocrx_word' id='word_1_240' title='bbox 224 2675 418 2715; x_wconf 67' lang='lat' dir='ltr'>Praecipuos</span> <span class='ocrx_word' id='word_1_241' title='bbox 443 2677 501 2708; x_wconf 87' lang='lat' dir='ltr'>sed</span> <span class='ocrx_word' id='word_1_242' title='bbox 527 2678 614 2707; x_wconf 88' lang='lat' dir='ltr'>enim</span> <span class='ocrx_word' id='word_1_243' title='bbox 638 2678 757 2708; x_wconf 85' lang='lat' dir='ltr'>merito</span> 
     </span>
     <span class='ocr_line' id='line_1_51' title="bbox 58 2725 758 2767; baseline 0 -9"><span class='ocrx_word' id='word_1_244' title='bbox 58 2725 216 2759; x_wconf 70' lang='lat' dir='ltr'>subvexit</span> <span class='ocrx_word' id='word_1_245' title='bbox 244 2726 276 2755; x_wconf 92' lang='lat' dir='ltr'>in</span> <span class='ocrx_word' id='word_1_246' title='bbox 306 2730 400 2756; x_wconf 86' lang='lat' dir='ltr'>actus</span> <span class='ocrx_word' id='word_1_247' title='bbox 427 2727 587 2758; x_wconf 89' lang='lat' dir='ltr'>Nondum</span> <span class='ocrx_word' id='word_1_248' title='bbox 612 2727 758 2767; x_wconf 86' lang='lat' dir='ltr'>stellige-</span> 
     </span>
    </p>

    <p class='ocr_par' dir='ltr' id='par_1_13' title="bbox 145 2778 502 2819">
     <span class='ocr_line' id='line_1_52' title="bbox 145 2778 502 2819; baseline -0.003 -9"><span class='ocrx_word' id='word_1_249' title='bbox 145 2778 258 2819; x_wconf 82' lang='lat' dir='ltr'>Delph.</span> <span class='ocrx_word' id='word_1_250' title='bbox 273 2781 303 2809; x_wconf 83' lang='lat' dir='ltr'>et</span> <span class='ocrx_word' id='word_1_251' title='bbox 324 2778 399 2810; x_wconf 84' lang='lat' dir='ltr'>Vur.</span> <span class='ocrx_word' id='word_1_252' title='bbox 417 2779 502 2809; x_wconf 76' lang='lat' dir='ltr'>Clas.</span> 
     </span>
    </p>
   </div>
   <div class='ocr_carea' id='block_1_6' title="bbox 739 2779 848 2809">
    <p class='ocr_par' dir='ltr' id='par_1_14' title="bbox 739 2779 848 2809">
     <span class='ocr_line' id='line_1_53' title="bbox 739 2779 848 2809; baseline 0 0"><span class='ocrx_word' id='word_1_253' title='bbox 739 2779 848 2809; x_wconf 80' lang='lat' dir='ltr'>Claud.</span> 
     </span>
    </p>
   </div>
   <div class='ocr_carea' id='block_1_7' title="bbox 1377 175 1489 215">
    <p class='ocr_par' dir='ltr' id='par_1_15' title="bbox 1377 175 1489 215">
     <span class='ocr_line' id='line_1_54' title="bbox 1377 175 1489 215; baseline 0.018 -2"><span class='ocrx_word' id='word_1_254' title='bbox 1377 175 1489 215; x_wconf 79' lang='lat'>1617</span> 
     </span>
    </p>
   </div>
   <div class='ocr_carea' id='block_1_8' title="bbox 793 272 1508 2805">
    <p class='ocr_par' dir='ltr' id='par_1_16' title="bbox 793 272 1494 352">
     <span class='ocr_line' id='line_1_55' title="bbox 793 272 1494 308; baseline 0.003 -6"><span class='ocrx_word' id='word_1_255' title='bbox 793 282 864 302; x_wconf 89' lang='lat' dir='ltr'>rum</span> <span class='ocrx_word' id='word_1_256' title='bbox 890 272 1002 303; x_wconf 84' lang='lat' dir='ltr'>senior</span> <span class='ocrx_word' id='word_1_257' title='bbox 1031 273 1185 304; x_wconf 89' lang='lat' dir='ltr'>dimissus</span> <span class='ocrx_word' id='word_1_258' title='bbox 1210 272 1243 303; x_wconf 92' lang='lat' dir='ltr'>in</span> <span class='ocrx_word' id='word_1_259' title='bbox 1269 283 1364 304; x_wconf 84' lang='lat' dir='ltr'>axem</span> <span class='ocrx_word' id='word_1_260' title='bbox 1393 276 1494 308; x_wconf 86' lang='lat' dir='ltr'>Clau.</span> 
     </span>
     <span class='ocr_line' id='line_1_56' title="bbox 793 321 1010 352; baseline 0 -1"><span class='ocrx_word' id='word_1_261' title='bbox 793 321 889 352; x_wconf 62' lang='lat' dir='ltr'>dius)</span> <span class='ocrx_word' id='word_1_262' title='bbox 914 322 1010 352; x_wconf 85' lang='lat' dir='ltr'>Idem.</span> 
     </span>
    </p>

    <p class='ocr_par' dir='ltr' id='par_1_17' title="bbox 793 371 1498 905">
     <span class='ocr_line' id='line_1_57' title="bbox 835 371 1494 413; baseline 0.003 -12"><span class='ocrx_word' id='word_1_263' title='bbox 835 374 875 401; x_wconf 67' lang='lat'>84</span> <span class='ocrx_word' id='word_1_264' title='bbox 893 372 1043 411; x_wconf 75' lang='lat' dir='ltr'>Princeps</span> <span class='ocrx_word' id='word_1_265' title='bbox 1055 371 1193 411; x_wconf 78' lang='lat' dir='ltr'>militioe]</span> <span class='ocrx_word' id='word_1_266' title='bbox 1215 373 1380 411; x_wconf 80' lang='lat' dir='ltr'>Togatam</span> <span class='ocrx_word' id='word_1_267' title='bbox 1396 372 1494 413; x_wconf 83' lang='lat' dir='ltr'>dicit,</span> 
     </span>
     <span class='ocr_line' id='line_1_58' title="bbox 793 421 1494 461; baseline 0.001 -10"><span class='ocrx_word' id='word_1_268' title='bbox 793 421 888 460; x_wconf 82' lang='lat' dir='ltr'>cujus</span> <span class='ocrx_word' id='word_1_269' title='bbox 906 422 996 460; x_wconf 84' lang='lat' dir='ltr'>prius</span> <span class='ocrx_word' id='word_1_270' title='bbox 1013 421 1115 452; x_wconf 77' lang='lat' dir='ltr'>suerit</span> <span class='ocrx_word' id='word_1_271' title='bbox 1130 421 1306 461; x_wconf 78' lang='lat' dir='ltr'>Princeps,</span> <span class='ocrx_word' id='word_1_272' title='bbox 1351 421 1417 451; x_wconf 91' lang='lat' dir='ltr'>Sed</span> <span class='ocrx_word' id='word_1_273' title='bbox 1438 432 1494 452; x_wconf 85' lang='lat' dir='ltr'>ve·</span> 
     </span>
     <span class='ocr_line' id='line_1_59' title="bbox 793 470 1493 503; baseline 0.006 -4"><span class='ocrx_word' id='word_1_274' title='bbox 793 470 862 500; x_wconf 85' lang='lat' dir='ltr'>rius</span> <span class='ocrx_word' id='word_1_275' title='bbox 877 475 926 500; x_wconf 84' lang='lat' dir='ltr'>est</span> <span class='ocrx_word' id='word_1_276' title='bbox 944 470 985 500; x_wconf 86' lang='lat' dir='ltr'>de</span> <span class='ocrx_word' id='word_1_277' title='bbox 1000 471 1129 500; x_wconf 73' lang='lat' dir='ltr'>«luobus</span> <span class='ocrx_word' id='word_1_278' title='bbox 1147 471 1199 501; x_wconf 83' lang='grc'>1110</span> <span class='ocrx_word' id='word_1_279' title='bbox 1217 481 1404 502; x_wconf 87' lang='lat' dir='ltr'>sermonem</span> <span class='ocrx_word' id='word_1_280' title='bbox 1419 481 1493 503; x_wconf 85' lang='lat' dir='ltr'>esse</span> 
     </span>
     <span class='ocr_line' id='line_1_60' title="bbox 794 520 1494 562; baseline 0.004 -12"><span class='ocrx_word' id='word_1_281' title='bbox 794 520 993 558; x_wconf 90' lang='lat' dir='ltr'>Claudiano,</span> <span class='ocrx_word' id='word_1_282' title='bbox 1010 521 1114 551; x_wconf 82' lang='lat' dir='ltr'>Patre.</span> <span class='ocrx_word' id='word_1_283' title='bbox 1142 522 1294 552; x_wconf 89' lang='lat' dir='ltr'>nimirum</span> <span class='ocrx_word' id='word_1_284' title='bbox 1312 522 1494 562; x_wconf 86' lang='lat' dir='ltr'>Celerinae,</span> 
     </span>
     <span class='ocr_line' id='line_1_61' title="bbox 793 571 1495 613; baseline 0.004 -13"><span class='ocrx_word' id='word_1_285' title='bbox 793 580 867 601; x_wconf 90' lang='lat' dir='ltr'>cum</span> <span class='ocrx_word' id='word_1_286' title='bbox 894 571 935 601; x_wconf 88' lang='lat' dir='ltr'>de</span> <span class='ocrx_word' id='word_1_287' title='bbox 963 572 1147 611; x_wconf 74' lang='lat' dir='ltr'>propagine</span> <span class='ocrx_word' id='word_1_288' title='bbox 1165 577 1319 602; x_wconf 83' lang='lat' dir='ltr'>materna</span> <span class='ocrx_word' id='word_1_289' title='bbox 1335 572 1495 613; x_wconf 88' lang='lat' dir='ltr'>antiquis·</span> 
     </span>
     <span class='ocr_line' id='line_1_62' title="bbox 794 621 1497 662; baseline 0.003 -12"><span class='ocrx_word' id='word_1_290' title='bbox 794 621 878 651; x_wconf 88' lang='lat' dir='ltr'>sima</span> <span class='ocrx_word' id='word_1_291' title='bbox 901 621 971 661; x_wconf 84' lang='lat' dir='ltr'>jan)</span> <span class='ocrx_word' id='word_1_292' title='bbox 990 623 1125 652; x_wconf 84' lang='lat' dir='ltr'>locutus</span> <span class='ocrx_word' id='word_1_293' title='bbox 1142 622 1197 661; x_wconf 87' lang='lat' dir='ltr'>sit,</span> <span class='ocrx_word' id='word_1_294' title='bbox 1221 631 1352 662; x_wconf 83' lang='lat' dir='ltr'>avoque</span> <span class='ocrx_word' id='word_1_295' title='bbox 1374 626 1497 652; x_wconf 85' lang='lat' dir='ltr'>mater-</span> 
     </span>
     <span class='ocr_line' id='line_1_63' title="bbox 794 672 1496 712; baseline 0.003 -11"><span class='ocrx_word' id='word_1_296' title='bbox 794 681 857 701; x_wconf 91' lang='lat' dir='ltr'>no:</span> <span class='ocrx_word' id='word_1_297' title='bbox 883 682 1022 712; x_wconf 88' lang='lat' dir='ltr'>quorum</span> <span class='ocrx_word' id='word_1_298' title='bbox 1049 672 1104 703; x_wconf 88' lang='grc'>1110</span> <span class='ocrx_word' id='word_1_299' title='bbox 1120 673 1193 712; x_wconf 91' lang='lat' dir='ltr'>jam</span> <span class='ocrx_word' id='word_1_300' title='bbox 1218 672 1261 702; x_wconf 90' lang='lat' dir='ltr'>sit</span> <span class='ocrx_word' id='word_1_301' title='bbox 1285 673 1394 703; x_wconf 88' lang='grc'>11101115</span> <span class='ocrx_word' id='word_1_302' title='bbox 1411 672 1496 703; x_wconf 81' lang='lat' dir='ltr'>mili-</span> 
     </span>
     <span class='ocr_line' id='line_1_64' title="bbox 796 721 1497 762; baseline 0.003 -11"><span class='ocrx_word' id='word_1_303' title='bbox 796 721 850 752; x_wconf 65' lang='grc'>1110</span> <span class='ocrx_word' id='word_1_304' title='bbox 879 722 1057 762; x_wconf 84' lang='lat' dir='ltr'>Princeps,</span> <span class='ocrx_word' id='word_1_305' title='bbox 1083 723 1136 753; x_wconf 87' lang='grc'>1110</span> <span class='ocrx_word' id='word_1_306' title='bbox 1163 732 1241 752; x_wconf 90' lang='lat' dir='ltr'>vero</span> <span class='ocrx_word' id='word_1_307' title='bbox 1264 723 1335 762; x_wconf 81' lang='lat' dir='ltr'>jam</span> <span class='ocrx_word' id='word_1_308' title='bbox 1364 722 1497 753; x_wconf 87' lang='lat' dir='ltr'>dicatur</span> 
     </span>
     <span class='ocr_line' id='line_1_65' title="bbox 795 772 1496 809; baseline 0.003 -8"><span class='ocrx_word' id='word_1_309' title='bbox 795 772 1016 803; x_wconf 76' lang='lat' dir='ltr'>primicerius</span> <span class='ocrx_word' id='word_1_310' title='bbox 1033 773 1325 809; x_wconf 83' lang='lat' dir='ltr'>Nota1·iorum‚vel</span> <span class='ocrx_word' id='word_1_311' title='bbox 1340 773 1404 803; x_wconf 84' lang='lat' dir='ltr'>alia</span> <span class='ocrx_word' id='word_1_312' title='bbox 1421 773 1496 803; x_wconf 76' lang='lat' dir='ltr'>talis</span> 
     </span>
     <span class='ocr_line' id='line_1_66' title="bbox 795 823 1498 862; baseline 0.001 -10"><span class='ocrx_word' id='word_1_313' title='bbox 795 828 945 862; x_wconf 85' lang='lat' dir='ltr'>potestas</span> <span class='ocrx_word' id='word_1_314' title='bbox 962 823 1148 853; x_wconf 83' lang='lat' dir='ltr'>constituta</span> <span class='ocrx_word' id='word_1_315' title='bbox 1168 823 1208 853; x_wconf 91' lang='lat' dir='ltr'>ad</span> <span class='ocrx_word' id='word_1_316' title='bbox 1235 824 1396 854; x_wconf 83' lang='lat' dir='ltr'>Rationes</span> <span class='ocrx_word' id='word_1_317' title='bbox 1414 823 1498 854; x_wconf 90' lang='lat' dir='ltr'>mili-</span> 
     </span>
     <span class='ocr_line' id='line_1_67' title="bbox 795 872 1186 905; baseline 0.005 -2"><span class='ocrx_word' id='word_1_318' title='bbox 795 872 851 903; x_wconf 65' lang='grc'>1110</span> <span class='ocrx_word' id='word_1_319' title='bbox 870 873 1047 905; x_wconf 80' lang='lat' dir='ltr'>Romanae.</span> <span class='ocrx_word' id='word_1_320' title='bbox 1073 874 1186 905; x_wconf 81' lang='lat' dir='ltr'>Barth.</span> 
     </span>
    </p>

    <p class='ocr_par' dir='ltr' id='par_1_18' title="bbox 794 923 1498 1112">
     <span class='ocr_line' id='line_1_68' title="bbox 861 923 1496 963; baseline 0 -10"><span class='ocrx_word' id='word_1_321' title='bbox 861 924 928 958; x_wconf 87' lang='lat' dir='ltr'>Quo</span> <span class='ocrx_word' id='word_1_322' title='bbox 970 934 1030 954; x_wconf 78' lang='grc' dir='ltr'>11οη</span> <span class='ocrx_word' id='word_1_323' title='bbox 1075 924 1226 954; x_wconf 80' lang='lat' dir='ltr'>illustrior</span> <span class='ocrx_word' id='word_1_324' title='bbox 1267 926 1355 954; x_wconf 82' lang='lat' dir='ltr'>extat</span> <span class='ocrx_word' id='word_1_325' title='bbox 1389 923 1496 963; x_wconf 80' lang='lat' dir='ltr'>Alter]</span> 
     </span>
     <span class='ocr_line' id='line_1_69' title="bbox 798 974 1497 1013; baseline 0 -10"><span class='ocrx_word' id='word_1_326' title='bbox 798 975 866 1008; x_wconf 84' lang='lat' dir='ltr'>Qua</span> <span class='ocrx_word' id='word_1_327' title='bbox 881 979 916 1003; x_wconf 91' lang='lat' dir='ltr'>et</span> <span class='ocrx_word' id='word_1_328' title='bbox 931 975 1030 1004; x_wconf 76' lang='lat' dir='ltr'>altera</span> <span class='ocrx_word' id='word_1_329' title='bbox 1057 984 1131 1004; x_wconf 91' lang='lat' dir='ltr'>cum</span> <span class='ocrx_word' id='word_1_330' title='bbox 1156 974 1262 1005; x_wconf 84' lang='lat' dir='ltr'>libris.</span> <span class='ocrx_word' id='word_1_331' title='bbox 1307 975 1375 1004; x_wconf 90' lang='lat' dir='ltr'>Pro</span> <span class='ocrx_word' id='word_1_332' title='bbox 1398 974 1497 1013; x_wconf 80' lang='lat' dir='ltr'>assig-</span> 
     </span>
     <span class='ocr_line' id='line_1_70' title="bbox 794 1023 1498 1064; baseline 0.003 -11"><span class='ocrx_word' id='word_1_333' title='bbox 794 1027 861 1061; x_wconf 77' lang='lat' dir='ltr'>nat,</span> <span class='ocrx_word' id='word_1_334' title='bbox 886 1024 1032 1062; x_wconf 79' lang='lat' dir='ltr'>adsignat</span> <span class='ocrx_word' id='word_1_335' title='bbox 1059 1023 1158 1064; x_wconf 87' lang='lat' dir='ltr'>prim.</span> <span class='ocrx_word' id='word_1_336' title='bbox 1184 1024 1295 1055; x_wconf 77' lang='lat' dir='ltr'>vatic.</span> <span class='ocrx_word' id='word_1_337' title='bbox 1332 1025 1435 1055; x_wconf 83' lang='lat' dir='ltr'>Forte</span> <span class='ocrx_word' id='word_1_338' title='bbox 1462 1035 1498 1055; x_wconf 86' lang='lat' dir='ltr'>ac</span> 
     </span>
     <span class='ocr_line' id='line_1_71' title="bbox 794 1073 1113 1112; baseline 0 -9"><span class='ocrx_word' id='word_1_339' title='bbox 794 1074 909 1112; x_wconf 82' lang='lat' dir='ltr'>signat.</span> <span class='ocrx_word' id='word_1_340' title='bbox 934 1075 980 1104; x_wconf 89' lang='lat' dir='ltr'>D.</span> <span class='ocrx_word' id='word_1_341' title='bbox 994 1073 1113 1103; x_wconf 81' lang='lat' dir='ltr'>Heius.</span> 
     </span>
    </p>

    <p class='ocr_par' dir='ltr' id='par_1_19' title="bbox 793 1122 1505 2355">
     <span class='ocr_line' id='line_1_72' title="bbox 838 1122 1498 1162; baseline 0.003 -10"><span class='ocrx_word' id='word_1_342' title='bbox 838 1125 877 1152; x_wconf 80' lang='lat'>85</span> <span class='ocrx_word' id='word_1_343' title='bbox 901 1123 991 1153; x_wconf 81' lang='lat' dir='ltr'>Alter</span> <span class='ocrx_word' id='word_1_344' title='bbox 1016 1122 1213 1162; x_wconf 83' lang='lat' dir='ltr'>cunctorum]</span> <span class='ocrx_word' id='word_1_345' title='bbox 1247 1123 1498 1162; x_wconf 84' lang='lat' dir='ltr'>Interpretatio</span> 
     </span>
     <span class='ocr_line' id='line_1_73' title="bbox 795 1171 1500 1212; baseline 0.001 -10"><span class='ocrx_word' id='word_1_346' title='bbox 795 1172 866 1203; x_wconf 76' lang='lat' dir='ltr'>haec</span> <span class='ocrx_word' id='word_1_347' title='bbox 883 1172 947 1203; x_wconf 85' lang='lat' dir='ltr'>sit:</span> <span class='ocrx_word' id='word_1_348' title='bbox 975 1172 1151 1203; x_wconf 78' lang='lat' dir='ltr'>Celerinus</span> <span class='ocrx_word' id='word_1_349' title='bbox 1169 1171 1234 1203; x_wconf 88' lang='lat' dir='ltr'>suit</span> <span class='ocrx_word' id='word_1_350' title='bbox 1258 1173 1312 1203; x_wconf 91' lang='lat' dir='ltr'>ille</span> <span class='ocrx_word' id='word_1_351' title='bbox 1336 1178 1500 1212; x_wconf 62' lang='lat' dir='ltr'>praestan-</span> 
     </span>
     <span class='ocr_line' id='line_1_74' title="bbox 796 1223 1500 1263; baseline 0.003 -11"><span class='ocrx_word' id='word_1_352' title='bbox 796 1223 943 1254; x_wconf 82' lang='lat' dir='ltr'>tissimus</span> <span class='ocrx_word' id='word_1_353' title='bbox 978 1223 1092 1263; x_wconf 84' lang='lat' dir='ltr'>stirpis</span> <span class='ocrx_word' id='word_1_354' title='bbox 1122 1228 1240 1254; x_wconf 86' lang='lat' dir='ltr'>auctor</span> <span class='ocrx_word' id='word_1_355' title='bbox 1271 1224 1448 1263; x_wconf 75' lang='lat' dir='ltr'>Celerinae,</span> <span class='ocrx_word' id='word_1_356' title='bbox 1480 1234 1500 1254; x_wconf 84' lang='lat' dir='ltr'>a</span> 
     </span>
     <span class='ocr_line' id='line_1_75' title="bbox 796 1273 1502 1313; baseline 0.004 -12"><span class='ocrx_word' id='word_1_357' title='bbox 796 1277 916 1303; x_wconf 88' lang='lat' dir='ltr'>matre.</span> <span class='ocrx_word' id='word_1_358' title='bbox 973 1273 1085 1312; x_wconf 88' lang='lat' dir='ltr'>Hujus</span> <span class='ocrx_word' id='word_1_359' title='bbox 1124 1283 1312 1313; x_wconf 85' lang='lat' dir='ltr'>cognomen</span> <span class='ocrx_word' id='word_1_360' title='bbox 1345 1273 1502 1305; x_wconf 82' lang='lat' dir='ltr'>assumsit</span> 
     </span>
     <span class='ocr_line' id='line_1_76' title="bbox 797 1323 1500 1364; baseline 0.001 -12"><span class='ocrx_word' id='word_1_361' title='bbox 797 1323 904 1353; x_wconf 88' lang='lat' dir='ltr'>Pater</span> <span class='ocrx_word' id='word_1_362' title='bbox 921 1323 1101 1361; x_wconf 68' lang='lat' dir='ltr'>Celerinae,</span> <span class='ocrx_word' id='word_1_363' title='bbox 1128 1328 1249 1362; x_wconf 88' lang='lat' dir='ltr'>utpote</span> <span class='ocrx_word' id='word_1_364' title='bbox 1277 1323 1390 1353; x_wconf 88' lang='lat' dir='ltr'>multis</span> <span class='ocrx_word' id='word_1_365' title='bbox 1414 1333 1500 1364; x_wconf 82' lang='lat' dir='ltr'>prae·</span> 
     </span>
     <span class='ocr_line' id='line_1_77' title="bbox 797 1372 1500 1403; baseline 0.001 -1"><span class='ocrx_word' id='word_1_366' title='bbox 797 1373 898 1403; x_wconf 86' lang='lat' dir='ltr'>elaris</span> <span class='ocrx_word' id='word_1_367' title='bbox 915 1372 1059 1403; x_wconf 84' lang='lat' dir='ltr'>ducibus</span> <span class='ocrx_word' id='word_1_368' title='bbox 1084 1372 1201 1403; x_wconf 87' lang='lat' dir='ltr'>eodem</span> <span class='ocrx_word' id='word_1_369' title='bbox 1229 1373 1393 1403; x_wconf 84' lang='lat' dir='ltr'>vocabulo</span> <span class='ocrx_word' id='word_1_370' title='bbox 1421 1382 1500 1403; x_wconf 89' lang='lat' dir='ltr'>ean-</span> 
     </span>
     <span class='ocr_line' id='line_1_78' title="bbox 798 1422 1500 1454; baseline 0.003 -2"><span class='ocrx_word' id='word_1_371' title='bbox 798 1422 874 1453; x_wconf 86' lang='lat' dir='ltr'>dem</span> <span class='ocrx_word' id='word_1_372' title='bbox 905 1423 1153 1453; x_wconf 81' lang='lat' dir='ltr'>successionem</span> <span class='ocrx_word' id='word_1_373' title='bbox 1179 1422 1389 1454; x_wconf 86' lang='lat' dir='ltr'>ornantibus.</span> <span class='ocrx_word' id='word_1_374' title='bbox 1444 1423 1500 1454; x_wconf 88' lang='lat' dir='ltr'>Sic</span> 
     </span>
     <span class='ocr_line' id='line_1_79' title="bbox 799 1472 1499 1511; baseline 0.003 -10"><span class='ocrx_word' id='word_1_375' title='bbox 799 1472 933 1511; x_wconf 77' lang='lat' dir='ltr'>genitor</span> <span class='ocrx_word' id='word_1_376' title='bbox 961 1473 1137 1503; x_wconf 81' lang='lat' dir='ltr'>Celerinus</span> <span class='ocrx_word' id='word_1_377' title='bbox 1173 1472 1299 1503; x_wconf 86' lang='lat' dir='ltr'>dicitur</span> <span class='ocrx_word' id='word_1_378' title='bbox 1331 1472 1499 1503; x_wconf 86' lang='lat' dir='ltr'>Celerinae</span> 
     </span>
     <span class='ocr_line' id='line_1_80' title="bbox 798 1521 1502 1561; baseline 0.001 -10"><span class='ocrx_word' id='word_1_379' title='bbox 798 1531 865 1551; x_wconf 88' lang='lat' dir='ltr'>non</span> <span class='ocrx_word' id='word_1_380' title='bbox 883 1531 901 1551; x_wconf 89' lang='lat' dir='ltr'>a</span> <span class='ocrx_word' id='word_1_381' title='bbox 917 1531 976 1551; x_wconf 86' lang='lat' dir='ltr'>sua</span> <span class='ocrx_word' id='word_1_382' title='bbox 992 1522 1113 1561; x_wconf 89' lang='lat' dir='ltr'>stirpe,</span> <span class='ocrx_word' id='word_1_383' title='bbox 1128 1521 1186 1551; x_wconf 87' lang='lat' dir='ltr'>sed</span> <span class='ocrx_word' id='word_1_384' title='bbox 1203 1521 1358 1561; x_wconf 80' lang='lat' dir='ltr'>conjugis</span> <span class='ocrx_word' id='word_1_385' title='bbox 1377 1526 1502 1553; x_wconf 89' lang='lat' dir='ltr'>mater-</span> 
     </span>
     <span class='ocr_line' id='line_1_81' title="bbox 798 1569 1500 1611; baseline 0.003 -11"><span class='ocrx_word' id='word_1_386' title='bbox 798 1579 854 1609; x_wconf 84' lang='lat' dir='ltr'>na,</span> <span class='ocrx_word' id='word_1_387' title='bbox 869 1580 945 1611; x_wconf 82' lang='lat' dir='ltr'>quae</span> <span class='ocrx_word' id='word_1_388' title='bbox 963 1571 1063 1610; x_wconf 91' lang='lat' dir='ltr'>plena</span> <span class='ocrx_word' id='word_1_389' title='bbox 1079 1569 1143 1600; x_wconf 83' lang='lat' dir='ltr'>fuit</span> <span class='ocrx_word' id='word_1_390' title='bbox 1157 1570 1289 1600; x_wconf 82' lang='lat' dir='ltr'>scilicet</span> <span class='ocrx_word' id='word_1_391' title='bbox 1303 1580 1500 1610; x_wconf 78' lang='lat' dir='ltr'>magnorum</span> 
     </span>
     <span class='ocr_line' id='line_1_82' title="bbox 799 1621 1503 1652; baseline 0 -1"><span class='ocrx_word' id='word_1_392' title='bbox 799 1621 957 1652; x_wconf 84' lang='lat' dir='ltr'>virorum.</span> <span class='ocrx_word' id='word_1_393' title='bbox 1003 1621 1068 1651; x_wconf 80' lang='lat' dir='ltr'>Vel</span> <span class='ocrx_word' id='word_1_394' title='bbox 1085 1625 1120 1651; x_wconf 90' lang='lat' dir='ltr'>et</span> <span class='ocrx_word' id='word_1_395' title='bbox 1135 1621 1243 1650; x_wconf 81' lang='lat' dir='ltr'>sumsit</span> <span class='ocrx_word' id='word_1_396' title='bbox 1260 1621 1341 1650; x_wconf 88' lang='lat' dir='ltr'>illud</span> <span class='ocrx_word' id='word_1_397' title='bbox 1371 1621 1411 1651; x_wconf 90' lang='lat' dir='ltr'>ad</span> <span class='ocrx_word' id='word_1_398' title='bbox 1436 1621 1503 1651; x_wconf 82' lang='lat' dir='ltr'>Pa-</span> 
     </span>
     <span class='ocr_line' id='line_1_83' title="bbox 799 1670 1501 1711; baseline 0.001 -10"><span class='ocrx_word' id='word_1_399' title='bbox 799 1675 883 1702; x_wconf 86' lang='lat' dir='ltr'>trem</span> <span class='ocrx_word' id='word_1_400' title='bbox 903 1670 1070 1702; x_wconf 79' lang='lat' dir='ltr'>Celerinae</span> <span class='ocrx_word' id='word_1_401' title='bbox 1088 1672 1138 1701; x_wconf 89' lang='lat' dir='ltr'>ita</span> <span class='ocrx_word' id='word_1_402' title='bbox 1156 1671 1318 1710; x_wconf 85' lang='lat' dir='ltr'>pertinet,</span> <span class='ocrx_word' id='word_1_403' title='bbox 1331 1675 1367 1701; x_wconf 88' lang='lat' dir='ltr'>ut</span> <span class='ocrx_word' id='word_1_404' title='bbox 1384 1672 1501 1711; x_wconf 89' lang='lat' dir='ltr'>nepoti</span> 
     </span>
     <span class='ocr_line' id='line_1_84' title="bbox 799 1721 1500 1758; baseline 0 -6"><span class='ocrx_word' id='word_1_405' title='bbox 799 1731 841 1752; x_wconf 85' lang='lat' dir='ltr'>ex</span> <span class='ocrx_word' id='word_1_406' title='bbox 867 1721 936 1752; x_wconf 86' lang='lat' dir='ltr'>filia</span> <span class='ocrx_word' id='word_1_407' title='bbox 960 1726 1130 1752; x_wconf 81' lang='lat' dir='ltr'>maternus</span> <span class='ocrx_word' id='word_1_408' title='bbox 1155 1731 1236 1751; x_wconf 81' lang='lat' dir='ltr'>avus</span> <span class='ocrx_word' id='word_1_409' title='bbox 1263 1721 1439 1758; x_wconf 86' lang='lat' dir='ltr'>indiderit,</span> <span class='ocrx_word' id='word_1_410' title='bbox 1458 1722 1500 1752; x_wconf 83' lang='lat' dir='ltr'>ad</span> 
     </span>
     <span class='ocr_line' id='line_1_85' title="bbox 799 1771 1502 1812; baseline -0.001 -10"><span class='ocrx_word' id='word_1_411' title='bbox 799 1773 992 1802; x_wconf 85' lang='lat' dir='ltr'>memoriam</span> <span class='ocrx_word' id='word_1_412' title='bbox 1015 1771 1257 1812; x_wconf 64' lang='lat' dir='ltr'>praeclarorum</span> <span class='ocrx_word' id='word_1_413' title='bbox 1280 1771 1443 1810; x_wconf 86' lang='lat' dir='ltr'>majorum</span> <span class='ocrx_word' id='word_1_414' title='bbox 1469 1781 1502 1801; x_wconf 91' lang='grc'>0-</span> 
     </span>
     <span class='ocr_line' id='line_1_86' title="bbox 793 1822 1502 1863; baseline -0.001 -11"><span class='ocrx_word' id='word_1_415' title='bbox 793 1822 850 1863; x_wconf 86' lang='lat' dir='ltr'>jus</span> <span class='ocrx_word' id='word_1_416' title='bbox 863 1823 1019 1853; x_wconf 80' lang='lat' dir='ltr'>nominis.</span> <span class='ocrx_word' id='word_1_417' title='bbox 1066 1822 1200 1852; x_wconf 82' lang='lat' dir='ltr'>Clarum</span> <span class='ocrx_word' id='word_1_418' title='bbox 1219 1831 1258 1851; x_wconf 74' lang='lat' dir='ltr'>ex</span> <span class='ocrx_word' id='word_1_419' title='bbox 1285 1822 1433 1852; x_wconf 82' lang='lat' dir='ltr'>historiis</span> <span class='ocrx_word' id='word_1_420' title='bbox 1455 1822 1502 1862; x_wconf 90' lang='lat' dir='ltr'>ip-</span> 
     </span>
     <span class='ocr_line' id='line_1_87' title="bbox 800 1872 1504 1913; baseline -0.003 -10"><span class='ocrx_word' id='word_1_421' title='bbox 800 1874 910 1913; x_wconf 89' lang='lat' dir='ltr'>sisque</span> <span class='ocrx_word' id='word_1_422' title='bbox 927 1872 1049 1911; x_wconf 86' lang='lat' dir='ltr'>titulis,</span> <span class='ocrx_word' id='word_1_423' title='bbox 1066 1882 1085 1902; x_wconf 86' lang='lat' dir='ltr'>a</span> <span class='ocrx_word' id='word_1_424' title='bbox 1101 1879 1255 1902; x_wconf 85' lang='lat' dir='ltr'>materno</span> <span class='ocrx_word' id='word_1_425' title='bbox 1274 1881 1399 1911; x_wconf 75' lang='lat' dir='ltr'>genere</span> <span class='ocrx_word' id='word_1_426' title='bbox 1417 1882 1504 1901; x_wconf 86' lang='lat' dir='ltr'>sum-</span> 
     </span>
     <span class='ocr_line' id='line_1_88' title="bbox 801 1921 1502 1953; baseline -0.004 0"><span class='ocrx_word' id='word_1_427' title='bbox 801 1923 883 1953; x_wconf 80' lang='lat' dir='ltr'>sisse</span> <span class='ocrx_word' id='word_1_428' title='bbox 902 1923 1079 1953; x_wconf 85' lang='lat' dir='ltr'>illustrium</span> <span class='ocrx_word' id='word_1_429' title='bbox 1096 1931 1234 1952; x_wconf 81' lang='lat' dir='ltr'>avorum</span> <span class='ocrx_word' id='word_1_430' title='bbox 1262 1921 1393 1951; x_wconf 84' lang='grc'>1101111113</span> <span class='ocrx_word' id='word_1_431' title='bbox 1420 1921 1502 1951; x_wconf 83' lang='lat' dir='ltr'>Pro-</span> 
     </span>
     <span class='ocr_line' id='line_1_89' title="bbox 801 1972 1503 2004; baseline -0.004 0"><span class='ocrx_word' id='word_1_432' title='bbox 801 1983 896 2004; x_wconf 86' lang='lat' dir='ltr'>ceres</span> <span class='ocrx_word' id='word_1_433' title='bbox 915 1973 1095 2003; x_wconf 85' lang='lat' dir='ltr'>Romanos.</span> <span class='ocrx_word' id='word_1_434' title='bbox 1131 1972 1224 2003; x_wconf 78' lang='lat' dir='ltr'>Nihil</span> <span class='ocrx_word' id='word_1_435' title='bbox 1242 1981 1324 2001; x_wconf 81' lang='lat' dir='ltr'>vero</span> <span class='ocrx_word' id='word_1_436' title='bbox 1342 1972 1503 2001; x_wconf 62' lang='lat' dir='ltr'>verisimi-</span> 
     </span>
     <span class='ocr_line' id='line_1_90' title="bbox 800 2022 1505 2064; baseline -0.004 -11"><span class='ocrx_word' id='word_1_437' title='bbox 800 2023 863 2054; x_wconf 89' lang='lat' dir='ltr'>lius</span> <span class='ocrx_word' id='word_1_438' title='bbox 881 2033 992 2064; x_wconf 90' lang='lat' dir='ltr'>quam,</span> <span class='ocrx_word' id='word_1_439' title='bbox 1008 2028 1045 2052; x_wconf 87' lang='lat' dir='ltr'>ut</span> <span class='ocrx_word' id='word_1_440' title='bbox 1062 2022 1144 2061; x_wconf 77' lang='lat' dir='ltr'>dixi,</span> <span class='ocrx_word' id='word_1_441' title='bbox 1161 2022 1203 2052; x_wconf 90' lang='grc'>110</span> <span class='ocrx_word' id='word_1_442' title='bbox 1221 2022 1386 2052; x_wconf 61' lang='lat' dir='ltr'>Celei-inm.</span> <span class='ocrx_word' id='word_1_443' title='bbox 1414 2027 1505 2051; x_wconf 84' lang='lat' dir='ltr'>utra-</span> 
     </span>
     <span class='ocr_line' id='line_1_91' title="bbox 801 2073 1503 2115; baseline -0.004 -10"><span class='ocrx_word' id='word_1_444' title='bbox 801 2085 865 2115; x_wconf 88' lang='lat' dir='ltr'>que</span> <span class='ocrx_word' id='word_1_445' title='bbox 903 2073 1010 2114; x_wconf 85' lang='lat' dir='ltr'>stirpe</span> <span class='ocrx_word' id='word_1_446' title='bbox 1042 2073 1271 2110; x_wconf 86' lang='lat' dir='ltr'>sermocinari,</span> <span class='ocrx_word' id='word_1_447' title='bbox 1301 2073 1397 2113; x_wconf 86' lang='lat' dir='ltr'>cujus</span> <span class='ocrx_word' id='word_1_448' title='bbox 1428 2081 1503 2103; x_wconf 88' lang='lat' dir='ltr'>cum</span> 
     </span>
     <span class='ocr_line' id='line_1_92' title="bbox 800 2124 1503 2165; baseline -0.004 -9"><span class='ocrx_word' id='word_1_449' title='bbox 800 2131 941 2157; x_wconf 88' lang='lat' dir='ltr'>matrem</span> <span class='ocrx_word' id='word_1_450' title='bbox 972 2126 1014 2156; x_wconf 89' lang='lat' dir='ltr'>ob</span> <span class='ocrx_word' id='word_1_451' title='bbox 1046 2135 1098 2156; x_wconf 89' lang='lat' dir='ltr'>res</span> <span class='ocrx_word' id='word_1_452' title='bbox 1128 2130 1241 2165; x_wconf 81' lang='lat' dir='ltr'>gestas</span> <span class='ocrx_word' id='word_1_453' title='bbox 1267 2124 1403 2154; x_wconf 85' lang='lat' dir='ltr'>laudare</span> <span class='ocrx_word' id='word_1_454' title='bbox 1436 2133 1503 2153; x_wconf 90' lang='lat' dir='ltr'>non</span> 
     </span>
     <span class='ocr_line' id='line_1_93' title="bbox 803 2175 1503 2216; baseline -0.003 -11"><span class='ocrx_word' id='word_1_455' title='bbox 803 2181 928 2216; x_wconf 81' lang='lat' dir='ltr'>posset,</span> <span class='ocrx_word' id='word_1_456' title='bbox 955 2186 1016 2206; x_wconf 88' lang='grc'>1100</span> <span class='ocrx_word' id='word_1_457' title='bbox 1042 2175 1076 2205; x_wconf 85' lang='grc'>111</span> <span class='ocrx_word' id='word_1_458' title='bbox 1100 2175 1142 2206; x_wconf 88' lang='grc'>31)</span> <span class='ocrx_word' id='word_1_459' title='bbox 1167 2185 1207 2206; x_wconf 89' lang='lat' dir='ltr'>eo</span> <span class='ocrx_word' id='word_1_460' title='bbox 1232 2180 1503 2214; x_wconf 75' lang='lat' dir='ltr'>exspectaretur,</span> 
     </span>
     <span class='ocr_line' id='line_1_94' title="bbox 802 2225 1504 2266; baseline -0.004 -10"><span class='ocrx_word' id='word_1_461' title='bbox 802 2226 917 2256; x_wconf 85' lang='lat' dir='ltr'>laudat</span> <span class='ocrx_word' id='word_1_462' title='bbox 934 2230 1159 2266; x_wconf 88' lang='lat' dir='ltr'>recensetque</span> <span class='ocrx_word' id='word_1_463' title='bbox 1175 2235 1294 2256; x_wconf 85' lang='lat' dir='ltr'>munus</span> <span class='ocrx_word' id='word_1_464' title='bbox 1309 2230 1342 2256; x_wconf 89' lang='lat' dir='ltr'>et</span> <span class='ocrx_word' id='word_1_465' title='bbox 1359 2225 1504 2264; x_wconf 80' lang='lat' dir='ltr'>dignita-</span> 
     </span>
     <span class='ocr_line' id='line_1_95' title="bbox 805 2275 1505 2315; baseline -0.001 -10"><span class='ocrx_word' id='word_1_466' title='bbox 805 2281 871 2306; x_wconf 92' lang='lat' dir='ltr'>tcm</span> <span class='ocrx_word' id='word_1_467' title='bbox 889 2276 941 2305; x_wconf 83' lang='lat' dir='ltr'>avi</span> <span class='ocrx_word' id='word_1_468' title='bbox 958 2275 1030 2315; x_wconf 86' lang='lat' dir='ltr'>ejus</span> <span class='ocrx_word' id='word_1_469' title='bbox 1046 2276 1202 2306; x_wconf 90' lang='lat' dir='ltr'>materni.</span> <span class='ocrx_word' id='word_1_470' title='bbox 1245 2275 1302 2306; x_wconf 85' lang='lat' dir='ltr'>Sic</span> <span class='ocrx_word' id='word_1_471' title='bbox 1330 2275 1422 2306; x_wconf 88' lang='lat' dir='ltr'>clara</span> <span class='ocrx_word' id='word_1_472' title='bbox 1438 2283 1505 2304; x_wconf 92' lang='lat' dir='ltr'>om-</span> 
     </span>
     <span class='ocr_line' id='line_1_96' title="bbox 805 2325 1014 2355; baseline -0.005 0"><span class='ocrx_word' id='word_1_473' title='bbox 805 2326 873 2355; x_wconf 87' lang='lat' dir='ltr'>nia.</span> <span class='ocrx_word' id='word_1_474' title='bbox 898 2325 1014 2355; x_wconf 87' lang='lat' dir='ltr'>Barth.</span> 
     </span>
    </p>

    <p class='ocr_par' dir='ltr' id='par_1_20' title="bbox 806 2373 1508 2805">
     <span class='ocr_line' id='line_1_97' title="bbox 852 2373 1505 2416; baseline -0.002 -11"><span class='ocrx_word' id='word_1_475' title='bbox 852 2375 980 2405; x_wconf 82' lang='lat' dir='ltr'>Tabulas</span> <span class='ocrx_word' id='word_1_476' title='bbox 993 2374 1146 2414; x_wconf 83' lang='lat' dir='ltr'>assignat]</span> <span class='ocrx_word' id='word_1_477' title='bbox 1171 2375 1250 2405; x_wconf 81' lang='lat' dir='ltr'>Non</span> <span class='ocrx_word' id='word_1_478' title='bbox 1277 2373 1395 2405; x_wconf 86' lang='lat' dir='ltr'>dubito</span> <span class='ocrx_word' id='word_1_479' title='bbox 1424 2374 1505 2416; x_wconf 91' lang='lat' dir='ltr'>quin</span> 
     </span>
     <span class='ocr_line' id='line_1_98' title="bbox 806 2424 1504 2465; baseline -0.001 -10"><span class='ocrx_word' id='word_1_480' title='bbox 806 2425 972 2456; x_wconf 82' lang='lat' dir='ltr'>Celeriuae</span> <span class='ocrx_word' id='word_1_481' title='bbox 1011 2429 1108 2465; x_wconf 80' lang='lat' dir='ltr'>pater</span> <span class='ocrx_word' id='word_1_482' title='bbox 1145 2424 1249 2455; x_wconf 82' lang='lat' dir='ltr'>fuerit</span> <span class='ocrx_word' id='word_1_483' title='bbox 1285 2424 1504 2455; x_wconf 84' lang='lat' dir='ltr'>Primicerius</span> 
     </span>
     <span class='ocr_line' id='line_1_99' title="bbox 806 2475 1508 2515; baseline -0.001 -9"><span class='ocrx_word' id='word_1_484' title='bbox 806 2476 1026 2507; x_wconf 87' lang='lat' dir='ltr'>Notariorum</span> <span class='ocrx_word' id='word_1_485' title='bbox 1044 2476 1075 2506; x_wconf 93' lang='lat' dir='ltr'>in</span> <span class='ocrx_word' id='word_1_486' title='bbox 1090 2475 1295 2514; x_wconf 84' lang='lat' dir='ltr'>Occidente,</span> <span class='ocrx_word' id='word_1_487' title='bbox 1308 2475 1359 2505; x_wconf 82' lang='lat' dir='ltr'>vir</span> <span class='ocrx_word' id='word_1_488' title='bbox 1373 2479 1508 2515; x_wconf 84' lang='lat' dir='ltr'>specta-</span> 
     </span>
     <span class='ocr_line' id='line_1_100' title="bbox 806 2525 1506 2566; baseline -0.001 -11"><span class='ocrx_word' id='word_1_489' title='bbox 806 2526 894 2564; x_wconf 89' lang='lat' dir='ltr'>bilis,</span> <span class='ocrx_word' id='word_1_490' title='bbox 923 2525 964 2555; x_wconf 87' lang='lat' dir='ltr'>ad</span> <span class='ocrx_word' id='word_1_491' title='bbox 988 2536 1086 2566; x_wconf 88' lang='lat' dir='ltr'>quem</span> <span class='ocrx_word' id='word_1_492' title='bbox 1112 2525 1276 2565; x_wconf 88' lang='lat' dir='ltr'>pertinuit</span> <span class='ocrx_word' id='word_1_493' title='bbox 1291 2535 1372 2555; x_wconf 86' lang='lat' dir='ltr'>cura</span> <span class='ocrx_word' id='word_1_494' title='bbox 1392 2526 1506 2555; x_wconf 84' lang='lat' dir='ltr'>Later-</span> 
     </span>
     <span class='ocr_line' id='line_1_101' title="bbox 807 2573 1506 2616; baseline -0.003 -11"><span class='ocrx_word' id='word_1_495' title='bbox 807 2576 874 2606; x_wconf 88' lang='lat' dir='ltr'>culi</span> <span class='ocrx_word' id='word_1_496' title='bbox 890 2576 1038 2616; x_wconf 72' lang='lat' dir='ltr'>majoris,</span> <span class='ocrx_word' id='word_1_497' title='bbox 1061 2580 1097 2605; x_wconf 92' lang='lat' dir='ltr'>ut</span> <span class='ocrx_word' id='word_1_498' title='bbox 1120 2581 1173 2605; x_wconf 84' lang='lat' dir='ltr'>est</span> <span class='ocrx_word' id='word_1_499' title='bbox 1194 2576 1225 2604; x_wconf 86' lang='lat' dir='ltr'>in</span> <span class='ocrx_word' id='word_1_500' title='bbox 1250 2575 1393 2606; x_wconf 72' lang='lat' dir='ltr'>Notitia.</span> <span class='ocrx_word' id='word_1_501' title='bbox 1437 2573 1506 2604; x_wconf 78' lang='lat' dir='ltr'>Sub</span> 
     </span>
     <span class='ocr_line' id='line_1_102' title="bbox 808 2624 1507 2666; baseline -0.007 -10"><span class='ocrx_word' id='word_1_502' title='bbox 808 2636 848 2657; x_wconf 91' lang='lat' dir='ltr'>eo</span> <span class='ocrx_word' id='word_1_503' title='bbox 863 2627 1008 2656; x_wconf 89' lang='lat' dir='ltr'>omnium</span> <span class='ocrx_word' id='word_1_504' title='bbox 1025 2626 1229 2666; x_wconf 78' lang='lat' dir='ltr'>dignitatum</span> <span class='ocrx_word' id='word_1_505' title='bbox 1248 2631 1281 2656; x_wconf 86' lang='lat' dir='ltr'>et</span> <span class='ocrx_word' id='word_1_506' title='bbox 1299 2624 1507 2655; x_wconf 78' lang='lat' dir='ltr'>administra-</span> 
     </span>
     <span class='ocr_line' id='line_1_103' title="bbox 807 2675 1506 2715; baseline -0.009 -9"><span class='ocrx_word' id='word_1_507' title='bbox 807 2676 935 2706; x_wconf 87' lang='lat' dir='ltr'>tionum</span> <span class='ocrx_word' id='word_1_508' title='bbox 950 2677 1082 2715; x_wconf 84' lang='lat' dir='ltr'>notitia,</span> <span class='ocrx_word' id='word_1_509' title='bbox 1108 2681 1176 2706; x_wconf 89' lang='lat' dir='ltr'>tam</span> <span class='ocrx_word' id='word_1_510' title='bbox 1199 2675 1392 2705; x_wconf 79' lang='lat' dir='ltr'>militarium</span> <span class='ocrx_word' id='word_1_511' title='bbox 1410 2680 1506 2712; x_wconf 84' lang='lat' dir='ltr'>quam</span> 
     </span>
     <span class='ocr_line' id='line_1_104' title="bbox 807 2726 1506 2761; baseline -0.009 -5"><span class='ocrx_word' id='word_1_512' title='bbox 807 2727 966 2757; x_wconf 86' lang='lat' dir='ltr'>civilium.</span> <span class='ocrx_word' id='word_1_513' title='bbox 992 2727 1130 2757; x_wconf 80' lang='lat' dir='ltr'>Scliolas</span> <span class='ocrx_word' id='word_1_514' title='bbox 1146 2729 1182 2756; x_wconf 81' lang='lat' dir='ltr'>et</span> <span class='ocrx_word' id='word_1_515' title='bbox 1196 2734 1350 2755; x_wconf 81' lang='lat' dir='ltr'>numeros</span> <span class='ocrx_word' id='word_1_516' title='bbox 1368 2726 1506 2761; x_wconf 82' lang='lat' dir='ltr'>tractat,</span> 
     </span>
     <span class='ocr_line' id='line_1_105' title="bbox 1346 2775 1421 2805; baseline -0.013 0"><span class='ocrx_word' id='word_1_517' title='bbox 1346 2779 1363 2805; x_wconf 81' lang='lat'><strong>5</strong></span> <span class='ocrx_word' id='word_1_518' title='bbox 1390 2775 1421 2804; x_wconf 65' lang='lat' dir='ltr'>K</span> 
     </span>
    </p>
   </div>
  </div>
 </body>
</html>
