1763 3116
406 165 453 194 ΙΝ
490 164 541 194 11.
574 163 711 194 coNs.
744 161 1075 192 S'PILICHONIS.

1359 153 1381 192 1
1389 153 1472 193 537

646 381 840 424 XXIV.

259 567 334 615 IN
380 566 453 614 ΙΙ.
503 563 710 613 CONS.

62 744 74 771 1
104 741 214 781 Populi
224 742 344 781 plausu,
359 750 518 780 procerum
534 740 617 781 voce]
632 740 716 770 Pro-

19 791 151 822 veribus
176 791 413 821 consultiorem
439 791 716 821 acclamationem

19 840 180 881 assignuu
207 851 406 881 quamquam
431 845 563 871 constet
589 841 620 870 in
643 841 716 880 ipso

18 891 143 920 Senatu
177 892 327 920 Romano
360 891 481 920 stultas
508 890 716 929 stolidasque

19 948 107 979 saepe
127 949 223 969 voces
238 940 403 978 jactatas,
426 939 619 970 notantibus
639 939 716 969 His-

16 988 128 1018 toricis
146 987 316 1025 Augustis.
342 989 458 1018 Barth.

59 1038 155 1073 Quem
178 1038 299 1077 populi]
333 1038 475 1068 Senatus
502 1038 714 1078 populusque

18 1089 184 1119 Romanus
213 1088 247 1118 in
275 1088 360 1118 votis
390 1088 507 1119 habuit
532 1088 714 1118 adventum

15 1138 205 1170 Stilichonis
224 1138 379 1169 Consulis
396 1137 597 1169 renunciati.
627 1138 714 1169 Clav.

63 1187 152 1227 Voce]
199 1188 337 1218 Dictum
370 1188 461 1218 innui
490 1187 716 1218 Acclamatio-

16 1247 85 1277 nes,
101 1248 174 1280 quae
203 1238 286 1268 adeo
312 1239 468 1269 solennes
489 1238 528 1268 iis
555 1238 715 1278 tempori-

17 1289 89 1328 hus,
105 1290 154 1319 uti
175 1289 207 1319 in
230 1294 341 1319 certa<
365 1289 459 1319 velut
483 1288 640 1318 formulas
664 1297 716 1318 re-

16 1340 139 1377 dactae,
162 1340 417 1380 requirerentur
439 1339 494 1369 vel
522 1338 564 1369 ab
592 1338 718 1377 invitis,

16 1390 79 1421 nisi
96 1390 208 1429 aliqua
226 1398 367 1429 peecare
386 1388 512 1419 vellent
535 1388 567 1418 in
592 1396 717 1417 morem

17 1445 217 1479 temporum.
245 1438 360 1469 Barth.

59 1492 79 1520 2
101 1489 222 1528 Aspice,
250 1489 361 1527 Roma,
385 1487 501 1528 cirum]
535 1488 591 1519 Sic
622 1498 717 1518 suum

16 1540 213 1580 Principem
244 1539 331 1570 votis
362 1544 398 1570 et
427 1539 527 1578 Urbi,
556 1540 622 1570 hoc
650 1544 716 1577 est,

18 1589 118 1620 totius
144 1589 229 1628 Pop.
255 1587 397 1619 Romani
413 1591 448 1619 et
464 1582 717 1619 Senatus'desi-

17 1639 118 1671 ‹leriis
136 1639 318 1670 redditum.
354 1639 484 1670 Plinius
503 1639 717 1680 Panegyrico

18 1690 177 1722 celebrat.
212 1690 310 1721 Idem.

59 1743 78 1771 3
101 1739 310 1771 Dfflumerme
324 1740 396 1780 vioe]
420 1739 521 1770 Moroe
545 1738 610 1770 duo
623 1742 717 1770 vete-

18 1801 84 1822 res.
117 1791 160 1822 D.
179 1791 290 1821 Heius.

60 1840 266 1872 Dinumeret-e
278 1841 336 1871 cite
353 1841 506 1881 tempora]
524 1840 622 1873 Quod
637 1850 717 1871 sane

18 1894 153 1931 poterat
180 1891 288 1931 quivis
318 1889 431 1929 facile,
457 1890 658 1922 stationibus
682 1896 717 1921 et

17 1940 242 1972 mansionibus
285 1941 473 1982 Principali
510 1942 717 1972 auctoritate

19 1991 217 2031 designatis.

67 2041 194 2081 Visoque
221 2051 382 2079 assurgere
417 2051 535 2082 semper
570 2040 719 2080 Pulvere]

22 2092 122 2124 More
145 2093 362 2133 impatienter
385 2093 647 2123 desiderantium
663 2091 720 2122 ad-

21 2145 158 2173 ventum
176 2143 286 2182 optati
303 2143 483 2183 Principis.
520 2143 633 2172 Bur-th.

61 2195 82 2224 4
115 2192 304 2232 Torquebere
333 2192 427 2232 votis]
465 2192 545 2232 Spei
575 2197 720 2222 tormen-

22 2246 90 2273 tum
106 2243 160 2273 vel
177 2242 308 2282 magnis
335 2242 534 2272 adnumerat
554 2240 723 2281 sapientia

23 2292 144 2332 prisca.
177 2292 360 2332 Papinius:
386 2293 394 2308 ‘
413 2302 490 2332 spes
508 2291 605 2322 anxia
630 2300 722 2321 men-

0 2381 1 2388 *
23 2347 90 2373 tem
106 2342 276 2381 Extrahit,
292 2346 328 2373 et
342 2342 443 2383 longo
460 2341 628 2373 consumit
646 2350 723 2382 gau-

0 2393 1 2432 l
25 2390 81 2423 dia
95 2392 198 2423 voto.'
224 2392 321 2423 Idem.

69 2445 86 2472 5
111 2443 207 2473 Adest
236 2442 345 2483 oculis]
389 2442 526 2474 Summa
555 2447 722 2474 votorum.

0 2436 3 2559 ι
29 2491 127 2523 Idem.

70 2544 91 2572 6
124 2541 186 2581 Spe
214 2542 320 2581 major,
347 2542 437 2580 sama
473 2542 594 2582 melior]
640 2543 723 2573 Rem

26 2600 106 2622 sane
122 2601 276 2631 magnam
292 2593 390 2631 dicit,
405 2603 480 2624 cum
505 2603 585 2624 vero
611 2594 724 2623 verius

28 2641 74 2673 sit
99 2641 190 2682 quod
226 2642 302 2673 alibi
331 2653 432 2683 agens
458 2643 553 2684 dicit,
578 2643 726 2675 ‘minuit

30 2692 214 2734 praesentia
227 2692 367 2724 famam?
395 2694 491 2725 Idem.

116 2745 231 2786 Delph.
248 2749 277 2777 et
298 2745 372 2777 Vur.
390 2746 473 2778 Clas.

3 2806 8 3005 ’ἓ

6 3010 11 3116 ι

696 2747 806 2779 Claud.
818 2790 820 2792 v

756 563 1228 614 STILICHONIS.

809 743 828 770 7
855 742 932 776 Quoe
957 740 1015 771 tibi
1042 741 1181 771 restituit
1200 739 1319 779 fasces]
1345 739 1471 780 Majes-

767 791 829 821 tati
848 791 1011 830 Urbanm,
1029 791 1059 821 id
1079 796 1130 821 est
1147 791 1227 831 ipsis
1245 789 1456 820 domestica*-

811 842 1018 880 Complectore
1034 841 1192 880 dextram]
1216 840 1316 872 Quod
1339 839 1471 871 solebat

766 889 838 920 fieri
856 891 1130 930 sospitator-ibus.
1165 891 1276 921 Barth.

810 944 829 970 8
853 941 979 980 Poenos]
1003 941 1151 971 Mauros.
1177 942 1276 971 Idem.

808 993 828 1019 9
856 990 988 1029 Excipe]
1014 990 1196 1029 Amplexu.
1236 990 1335 1020 Idem.

809 1042 848 1069 10
871 1039 1036 1077 Libratur]
1064 1040 1117 1070 Ne
1142 1040 1175 1069 in
1199 1040 1284 1071 hanc
1302 1044 1361 1070 aut
1377 1039 1471 1070 illam

765 1093 898 1128 partem
916 1092 1049 1128 peccet.
1079 1089 1177 1119 Idem.

810 1141 846 1169 ll
875 1139 919 1168 Os
930 1138 1067 1178 sacrum]
1091 1139 1245 1177 Vultum,
1262 1148 1456 1178 personam.

810 1189 888 1218 AEre
902 1188 986 1227 colis,
1008 1188 1134 1218 miraris
1163 1188 1196 1218 in
1223 1187 1314 1227 auro]
1346 1188 1472 1219 Heroi-

767 1246 839 1268 cam
856 1243 889 1267 et
907 1238 1045 1277 proprie
1063 1237 1210 1268 divinam
1232 1238 1381 1278 speciem
1406 1248 1470 1269 non

767 1288 868 1317 semel
887 1287 963 1318 alibi
987 1287 1166 1319 Stilichoni
1179 1288 1355 1320 adscribit.
1402 1288 1471 1319 Hic

768 1336 811 1367 de
843 1337 932 1367 omni
960 1347 1087 1375 genere
1113 1342 1313 1376 statuarum,
1345 1336 1472 1378 effigie-

770 1396 856 1424 rum,
873 1387 1067 1426 imaginum,
1085 1386 1232 1417 fusilium
1249 1387 1472 1426 sculptilium—

770 1445 836 1475 que
863 1436 1023 1476 loquitur⁷
1049 1445 1147 1475 quem
1175 1436 1333 1466 honorem
1357 1440 1472 1466 tamen

768 1485 989 1515 Stilichonem
1015 1494 1080 1514 non
1101 1485 1215 1523 magni
1241 1484 1362 1516 fecisse
1384 1486 1472 1516 libro

770 1534 1164 1574 superiorimemoravit.
1202 1535 1320 1564 Barth.

815 1587 853 1614 12
879 1585 973 1615 Felix
989 1585 1118 1614 bellator
1132 1583 1257 1623 ubique]
1282 1585 1347 1615 Pro
1366 1588 1397 1615 te
1414 1585 1474 1615 bel-

769 1635 849 1665 lator
881 1635 1034 1674 plerique
1067 1639 1214 1671 veteres,
1240 1634 1327 1674 quod
1350 1644 1392 1665 ex
1409 1635 1473 1665 Cu-

763 1685 910 1725 jacianis
941 1684 1034 1715 libris
1062 1684 1188 1724 probat
1210 1684 1391 1721 Barthius;
1416 1693 1474 1714 ne-

770 1745 837 1775 que
863 1734 961 1765 aliter
986 1733 1107 1772 Aldus,
1137 1733 1279 1773 Gyrald.
1311 1733 1473 1773 Isingrin.

768 1786 913 1816 Lucens.
950 1795 991 1815 ex
1028 1784 1234 1815 melioribus.
1293 1782 1340 1814 At
1372 1784 1473 1823 prim.

769 1836 882 1866 Vatic.
900 1835 1006 1873 felix.-
1044 1834 1148 1873 forte,
1170 1843 1227 1874 pro
1250 1837 1281 1864 te
1305 1834 1357 1874 qui
1379 1833 1474 1864 bellat

770 1885 891 1925 ubique.
918 1886 964 1916 D.
984 1884 1104 1915 Heins.

815 1939 852 1966 13
873 1935 973 1965 Rheni
987 1935 1129 1975 pacator]
1146 1935 1237 1964 Vera
1253 1937 1369 1964 autem
1382 1933 1475 1966 laus:

769 1987 858 2017 solus
871 1985 957 2015 enim
975 1985 1096 2022 Rheni,
1111 1995 1186 2015 enm
1201 1984 1388 2014 Theodosio
1404 1985 1475 2015 Da·

770 2037 864 2067 nubii
880 2036 1010 2067 accolas
1028 2035 1160 2075 pacavit
1177 2034 1332 2065 Stilicho.
1357 2033 1474 2064 Barth.

814 2087 918 2117 Rheni
955 2089 1083 2126 pacator
1121 2089 1150 2115 et
1188 2085 1280 2125 Istri]
1332 2085 1477 2114 Calcator

771 2137 895 2176 Isingr.
924 2137 1050 2176 aliique
1082 2135 1199 2166 multi:
1233 2139 1271 2166 ut
1296 2144 1347 2166 Vl.
1374 2135 1476 2166 (fons.

773 2188 902 2218 Honor.
943 2188 952 2202 ⁴
970 2186 1067 2217 Colla
1105 2186 1258 2216 catenati
1300 2184 1478 2224 proculcat

774 2237 948 2268 Honorius
974 2236 1077 2267 Istri.'
1115 2235 1210 2266 Nihil
1236 2239 1350 2265 tamen
1368 2238 1477 2264 muto.

775 2289 886 2328 Supra
909 2286 964 2317 lib.
991 2295 1030 2317 11.
1058 2288 1066 2302 ‘
1085 2287 1201 2327 Usque
1231 2285 1364 2316 adeone
1392 2285 1476 2315 levis

774 2337 889 2378 pacati
915 2337 1023 2377 gloria
1048 2336 1186 2367 Rheni?
1211 2336 1330 2377 Epith.
1349 2335 1478 2367 Celeri·

775 2398 848 2419 nae:
889 2388 897 2404 ‘
917 2391 1043 2428 quanto
1079 2391 1224 2428 pacatur
1254 2387 1362 2418 milite
1390 2387 1478 2418 Rhe·

774 2437 858 2469 nus.’
896 2437 940 2470 D.
958 2438 1070 2469 Heius.

818 2494 857 2521 15
887 2490 985 2529 Vulgo
1007 2489 1191 2529 monstrare]
1213 2488 1480 2528 T1*iumpbis‚ar-

775 2541 894 2580 cubus,
918 2540 1052 2576 statuis,
1075 2538 1366 2579 inscriptionibus,
1388 2537 1479 2567 mille

776 2591 884 2622 modis
900 2590 1159 2621 memoriarum:
1185 2599 1251 2630 quo
1273 2598 1396 2628 genere
1422 2596 1480 2626 op-

777 2642 850 2673 timi
873 2641 978 2673 etiam
1005 2641 1185 2682 Principes
1208 2640 1304 2672 fuere
1325 2636 1480 2669 ambitio-

778 2693 816 2724 si.
848 2692 966 2724 Barth.

1321 2743 1340 2769 5
1364 2738 1394 2769 Ε
