1763 3116
372 197 419 228 ΙΝ
456 197 486 227 1.
518 193 653 225 CONS.
686 192 898 222 STlLch.
933 191 1026 221 [ΑΒ.
1061 192 1092 221 1.

7 292 94 325 citus
111 293 189 324 nihil
206 292 310 333 magis
326 290 478 330 timebat,
494 298 592 330 quam
610 288 703 318 time-

7 343 55 374 ri!
80 343 201 374 (fluver.

50 397 113 425 342
139 391 284 432 Fiducia]
306 391 345 422 Iu
361 400 452 421 arma
466 399 536 420 sua.
581 389 662 426 Qui,
675 388 702 418 si

8 443 104 474 initio
120 443 233 474 statim
249 441 422 482 perculsus
436 439 568 477 fuisset,
584 443 633 469 tot
645 448 702 468 uo-

9 493 186 524 bilissimas
203 492 358 522 civitates
376 491 408 521 in
426 489 581 520 solatium
597 488 702 519 cladis

7 553 76 573 suae
94 541 309 582 perdidisset.
332 541 446 571 Barth.

48 594 109 623 345
134 591 196 631 Spe
208 590 426 631 captusinani]
448 590 621 630 Tanquam
636 599 704 619 me-

7 645 160 672 tueretur
182 651 201 672 a
227 641 422 679 Stilichone,
445 641 500 681 qui
525 640 620 670 obrui
647 650 704 679 po-

7 695 108 730 terat,
134 691 194 721 uisi
221 691 268 721 sic
293 690 465 730 periturus
488 700 564 720 cum
582 689 704 720 damno

7 739 229 780 Reipublicae.
255 741 349 771 Idem.

50 793 112 821 350
135 792 259 821 Solibus
275 790 406 830 effoetos]
440 789 592 820 Africani
620 790 706 820 calo-

9 840 52 871 ris
70 841 307 881 impatientes:
345 850 419 871 cum
439 841 580 880 primum
599 840 706 870 isthuc

8 892 219 931 trajecerint,
245 891 416 931 inquiebat
444 891 622 929 Barbarus,
656 901 705 921 ro-

10 940 72 970 bur
94 950 191 970 omne
220 941 292 980 ipsa
321 941 408 970 aeris
434 941 645 970 vehementia
672 946 706 970 et

6 990 91 1020 Solis
107 989 286 1020 inadsucto
310 990 422 1020 calore
439 990 610 1027 amittent,
636 995 706 1019 tum

7 1049 65 1071 eos
89 1049 152 1081 ego
177 1041 315 1081 pulvere
343 1044 530 1070 turmarum
557 1049 707 1070 mearum

8 1091 170 1122 enecabo.
220 1090 364 1131 Effoelus,
382 1099 559 1120 exsuccus.
598 1090 707 1129 Virgi-

7 1141 82 1180 lius,
98 1141 153 1172 lib.
169 1150 200 1172 v.
218 1140 434 1182 ‘frigentque
449 1138 570 1170 effoetae
588 1139 621 1169 in
635 1149 705 1170 cor-

8 1201 89 1232 pore
105 1192 213 1222 vires.¹
238 1193 336 1222 Idem.

51 1242 171 1273 Solibus
192 1241 309 1283 effoetos
325 1251 478 1272 masuras
491 1242 612 1281 pulvere
632 1242 707 1271 Gal-

9 1292 67 1333 los]
90 1293 219 1332 Malim,
235 1292 355 1323 Solibus
371 1292 474 1333 effato
487 1292 621 1331 pulvere.
659 1292 706 1322 D.

11 1344 129 1375 Heius.

53 1397 113 1426 351
141 1395 306 1425 Geminata
323 1393 444 1423 venenis
461 1392 608 1431 Vulnera]
632 1392 708 1421 Mos

11 1445 159 1485 gentium
176 1453 289 1473 versus
305 1453 361 1473 eas
379 1443 495 1482 plagas
510 1441 638 1480 spicula
656 1451 709 1471 ve—

10 1504 98 1525 neno
114 1494 231 1532 linere,
245 1493 373 1532 duplici
388 1497 508 1530 morte,
525 1495 561 1520 ut
574 1491 710 1531 loquun-

12 1550 68 1575 tur
84 1542 215 1574 Poetae.
239 1542 356 1573 Barth.

52 1596 113 1624 355
148 1593 308 1632 Intorquel
339 1589 509 1630 Garamas]
545 1590 619 1620 Jam
649 1594 711 1620 tor-

9 1647 79 1684 quet
119 1643 249 1684 scripti,
285 1641 401 1682 paucis
441 1640 608 1680 exceptis.
662 1642 710 1671 D.

11 1695 125 1726 Heius.

53 1745 193 1785 fugaces
221 1741 394 1782 Autololes]
430 1741 555 1781 Populi
586 1741 713 1772 Mami-

14 1794 131 1833 taniae,
146 1799 183 1825 ut
200 1799 235 1825 et
251 1794 428 1824 Mazacum
444 1792 549 1823 natio.
572 1792 689 1822 Barth.

54 1847 117 1876 356
149 1842 321 1883 Autololes]
359 1842 503 1883 Gyrald.
529 1842 712 1883 Audolopes.

14 1896 155 1927 Lucens.
179 1895 300 1936 aliique
325 1893 423 1924 multi
448 1893 632 1933 Autolopes:
656 1893 713 1924 alii

11 1946 121 1977 aliter.
146 1945 301 1976 Ambros.
334 1944 474 1985 optimae
504 1950 594 1975 notae
618 1944 715 1976 Auto-

12 1997 103 2027 tales.-
126 1996 214 2038 quod
233 2006 307 2027 cum
323 1995 439 2026 Solino
457 1999 492 2025 et
508 1995 622 2025 Plinio
640 2004 716 2026 con-

11 2047 118 2086 venit,
146 2047 266 2088 quibus
292 2046 447 2077 Autolaloe
471 2045 654 2084 dicuntur3
678 2050 716 2077 ut

14 2103 131 2138 pateat
146 2097 302 2129 mendum
320 2107 392 2127 esse
417 2096 450 2127 in
466 2097 645 2128 Ptolemaei
660 2107 716 2128 co-

14 2148 159 2187 dicibus,
189 2153 225 2179 et
253 2147 424 2178 αὐτολάλαι
454 2158 515 2188 pro
547 2146 718 2178 αὐτολάται

12 2197 240 2229 scribendum.
286 2198 419 2228 Deinde
432 2198 550 2228 Mazax
563 2198 717 2230 meliores

12 2250 110 2282 libri:
145 2249 313 2292 quomodo
342 2250 445 2281 etiam
470 2251 652 2281 Suetonius
677 2260 716 2281 ac

15 2301 185 2341 Lucanus,
201 2301 233 2331 in
249 2301 459 2341 Cuuegetico
473 2300 614 2331 Gratius
628 2311 636 2339 ς
662 2301 717 2331 alii

16 2351 144 2391 Malam,
174 2352 227 2382 vel
256 2352 368 2382 Mazus
391 2351 444 2382 vel
468 2351 593 2382 Μαῖαν.
649 2352 717 2382 Pro

14 2401 143 2440 projecit
167 2401 232 2431 duo
260 2400 410 2432 Medicei
432 2400 607 2440 projectu-t:
634 2411 718 2431 unus

20 2450 134 2482 Ambr.
158 2452 305 2492 pat-idam
325 2451 497 2491 projectat:
531 2451 718 2491 eleganter.

22 2500 145 2532 Lucani
161 2502 218 2533 illa
233 2501 454 2543 respiciebat,
475 2501 533 2532 lib.
551 2510 600 2533 rv.
625 2503 633 2519 ‘
652 2507 719 2533 tre-

19 2551 143 2582 mulum
158 2562 233 2583 cum
247 2553 345 2584 torsit
358 2552 484 2583 missile
501 2552 650 2583 Mazaxss
675 2554 718 2584 D.

22 2600 133 2632 Heius.

63 2654 125 2682 358
149 2652 274 2692 Lembo]
295 2654 430 2686 Minuto
442 2654 585 2694 navigio.
604 2653 719 2684 Barth.

63 2704 128 2732 359
152 2702 284 2742 Merito]
301 2704 389 2735 Quia
400 2705 469 2736 illic
482 2714 598 2744 poenas
611 2704 719 2735 dedit.

22 2751 112 2784 Quid
129 2751 276 2783 Gildone
303 2761 424 2785 revera
449 2753 578 2785 factum
602 2758 654 2785 cst
671 2754 720 2784 in-

1341 179 1454 222 1513

753 290 897 317 certum.
959 284 1165 315 Claudianus
1203 283 1257 313 hic
1296 291 1456 322 expresse

753 337 873 367 scribit
885 345 983 376 poena
994 334 1164 366 ordinaria
1177 337 1455 372 exceptuin,pas-

753 397 824 418 sum
842 387 935 427 prius
952 386 1098 416 ludibria
1115 384 1242 425 populi.

799 435 950 475 Tabraca]
975 436 1064 466 Urbs
1083 435 1210 476 Libyan.
1235 433 1350 463 Barth.

797 489 858 517 361
883 486 982 516 Lcetoe
1003 486 1115 524 jurgia
1138 483 1252 525 plebis]
1298 481 1457 513 Ludibria

755 541 833 567 ante
847 542 1006 574 mortem3
1025 546 1098 566 cum
1110 535 1348 565 traduceretur
1361 542 1458 573 spec-

755 587 876 619 tandus
896 588 988 618 velut
1005 587 1038 616 in
1056 585 1239 626 triumpho.
1263 585 1360 615 Ide-m.

798 640 860 668 362
888 638 1132 677 Fracturamqae
1148 634 1228 675 reos]
1260 633 1362 664 Multi
1380 633 1458 664 Per-

747 688 968 729 sractamqae:
982 688 1048 719 duo
1063 687 1337 726 I'evfunclmnque.
1355 685 1458 715 Forte

758 740 1047 779 Frangendumque.
1072 740 1117 769 Ι).
1136 737 1255 768 Heius.

800 792 861 819 363
889 790 946 819 Nil
969 789 1088 819 tribuat
1105 788 1239 826 fortana
1254 785 1331 826 sibi]
1368 785 1460 815 Alias

758 844 934 881 utramque
953 841 1107 881 paginam
1126 839 1267 870 faciens.
1307 838 1460 869 Laudan-

760 896 813 921 tur
829 901 909 930 ergo
927 901 1066 929 summe,
1092 891 1148 931 qui
1174 890 1300 921 virtute
1318 899 1377 919 sua
1393 897 1461 919 om-

759 942 814 972 nia
830 941 951 972 secisse
974 942 1146 979 dicuntur,
1169 940 1308 970 exclusa
1331 939 1388 969 illa
1405 948 1462 979 gu-

759 991 950 1022 bernatrice
968 991 1126 1021 omnium.
1151 990 1267 1020 Barth.

801 1040 851 1071 Sit
873 1051 1018 1080 prospera
1040 1040 1170 1080 semper]
1209 1040 1301 1078 Lego
1322 1039 1374 1071 sic.
1416 1039 1464 1070 D.

759 1090 881 1121 Heius.

801 1143 862 1171 365
888 1139 982 1180 Alea]
1000 1139 1099 1171 Belli.
1125 1137 1463 1178 Non,ait,unoictui

758 1190 919 1221 Fortunae
936 1199 1094 1232 umquam
1115 1189 1228 1220 onmia
1244 1188 1463 1220 credidimus.

760 1240 875 1272 Barth.

802 1293 865 1322 368
890 1291 968 1321 Dux
983 1289 1097 1330 major]
1122 1289 1201 1331 Ipse
1217 1288 1381 1320 videlicet
1397 1288 1465 1319 Sti-

758 1340 860 1371 licho.
886 1341 981 1372 Idem.

803 1395 865 1421 369
892 1392 1053 1431 Optatior]
1086 1393 1143 1423 De
1160 1391 1315 1422 omnibus
1332 1390 1399 1422 suis
1416 1391 1465 1421 ita

763 1440 921 1481 loquitur.
948 1441 1043 1471 Idem.

805 1493 866 1520 373
893 1491 940 1521 Hz'
954 1491 1150 1530 propagandi
1162 1491 1302 1530 ruerent]
1325 1492 1380 1522 Ita
1396 1492 1467 1532 ple-

762 1540 858 1580 rique
876 1541 995 1580 scripti
1013 1552 1019 1571 :
1046 1541 1102 1571 alii
1120 1551 1194 1571 cum
1214 1541 1314 1571 editis
1329 1546 1468 1574 ruerant.

761 1590 851 1620 Puto
868 1594 1012 1620 ruerunt.-
1038 1590 1128 1630 quod
1156 1595 1191 1621 et
1214 1591 1357 1621 Barthio
1375 1592 1467 1622 vide-

762 1639 874 1680 batur,
898 1649 940 1670 ex
968 1640 1093 1670 veteris
1123 1640 1202 1671 libri
1235 1641 1468 1673 auctoritate:

762 1691 810 1722 sic
841 1691 932 1732 apud
961 1691 1081 1730 Virgil.
1118 1691 1126 1706 ‘
1146 1691 1299 1721 tulerunt
1329 1690 1469 1722 fastidia

763 1740 921 1780 mense&
947 1745 980 1771 et
998 1750 1089 1781 soepe
1107 1741 1210 1779 alibi;
1235 1741 1276 1771 de
1296 1751 1361 1782 quo
1378 1742 1468 1772 notis

764 1792 806 1822 ad
825 1792 985 1823 Ovidium
1003 1804 1010 1830 ;
1036 1792 1093 1834 qui
1111 1793 1225 1823 multis
1243 1793 1276 1823 iu
1293 1793 1375 1824 locis
1393 1793 1470 1833 pari

764 1842 863 1873 modo
880 1848 1072 1883 corruptus.
1098 1844 1145 1874 D.
1163 1843 1276 1874 Heius.

808 1897 869 1925 374
902 1893 1015 1924 Stabat
1048 1894 1204 1933 Romana]
1243 1891 1470 1924 Consistebat.

767 1944 909 1975 Romam
927 1949 1039 1974 autem
1056 1949 1091 1975 et
1109 1944 1246 1975 Italiam
1263 1943 1351 1974 fame
1368 1943 1470 1975 confi-

766 2003 844 2025 cere
863 1998 1000 2034 poterat
1017 1993 1134 2025 Gildo.
1159 1994 1273 2024 Barth.

812 2046 963 2086 Tempora
986 2044 1069 2084 lato]
1093 2046 1185 2085 Lege
1202 2047 1286 2075 tutas
1309 2054 1386 2075 cum
1414 2044 1473 2075 tri-

766 2096 828 2127 bus
846 2096 980 2136 scriptis
996 2107 1002 2126 z
1030 2096 1178 2136 quinque
1196 2095 1252 2125 alii
1269 2098 1345 2125 taloe
1360 2104 1473 2125 morte.-

768 2151 805 2177 ut
820 2147 931 2177 hiatus
948 2146 1180 2186 relinquatur:
1206 2154 1270 2186 qua
1287 2145 1320 2175 in
1338 2154 1372 2175 re
1389 2144 1472 2175 mul-

769 2201 821 2227 tus
837 2196 1012 2236 Virgilius.
1037 2196 1083 2226 D.
1101 2195 1214 2226 Heius.

811 2250 872 2278 375
904 2247 1032 2277 Vincere
1047 2245 1151 2286 aiv-de]
1176 2245 1312 2276 Livius:
1348 2245 1357 2261 ι
1373 2243 1407 2276 Si
1437 2250 1473 2275 ta

769 2296 956 2328 occasionis
973 2300 1158 2334 momento,
1175 2295 1273 2335 eujus
1290 2299 1476 2336 praetervo-

768 2348 816 2378 lat
830 2347 1275 2388 opportunitas,-cunctatus
1301 2345 1474 2386 paululum

769 2397 886 2437 fueris,
897 2397 1123 2438 nequicquam
1136 2406 1212 2427 mox
1224 2396 1382 2427 omissam
1396 2405 1476 2437 que-

771 2449 866 2480 rare.’
893 2449 1015 2479 (ἶλαι-εν.

813 2502 876 2531 376
906 2499 997 2530 Vinci
1011 2498 1178 2539 penesuit]
1202 2498 1315 2529 Acute
1344 2507 1414 2528 rem
1442 2497 1474 2526 in

771 2550 845 2580 acie
862 2554 1052 2580 versantem
1070 2549 1225 2579 insinuat.
1250 2548 1367 2579 Barth.

812 2604 874 2632 377
914 2601 1105 2640 Supplicium
1142 2598 1292 2637 deforme]
1338 2597 1477 2635 Famem,

771 2651 995 2681 miserrimum
1015 2660 1120 2689 genus
1139 2649 1267 2678 niu-rtis.
1294 2647 1389 2677 laem.

814 2704 877 2732 378
902 2702 945 2731 Et
970 2704 1092 2730 tantam
1119 2698 1267 2739 Libyam]
1310 2697 1417 2733 Tanto,
1442 2699 1477 2726 et

772 2762 850 2784 mox
863 2755 989 2792 quanto,
999 2751 1153 2790 Scaliger
1167 2760 1174 2780 z
1200 2747 1377 2779 continuat
1390 2744 1477 2777 liber
