1859 3148
346 162 458 204 1678
528 172 667 202 No‘rAE
703 167 961 200 unionum
995 168 1044 198 m
1080 168 1153 198 cn.
1184 167 1367 197 cmm).
1400 168 1604 199 xxxvu.

345 272 476 300 stanter
496 270 651 296 tuentur:
676 270 790 295 noster
804 263 858 293 lib.
876 271 899 293 1.
928 261 960 292 in
974 261 1041 292 Eu-

346 325 434 359 trop.
471 318 575 358 ‘quid
593 316 705 347 fertile
725 314 836 352 terris,
865 311 954 345 Quid
973 313 1042 352 ple-

346 381 423 401 num
440 370 548 401 sterili
567 367 670 408 possit
687 364 748 395 sul)
761 363 899 394 consule
916 362 1039 392 nasci?

344 421 528 452 Trebonius
567 417 654 456 apud
687 415 841 444 Ciceron.
881 413 937 444 lib.
974 421 1040 443 xn.

346 472 456 512 Epist.
488 472 535 500 16.
559 470 567 483 ‘
587 467 774 505 Ingressum
803 463 902 502 pleno
934 462 1041 502 gradu

345 520 512 553 cohortari
538 527 602 548 non
634 513 923 546 intermittemus!
966 514 1041 544 Sta-

346 572 411 603 tius
429 570 469 601 ud
493 567 669 599 Claudiam
684 566 853 596 Uxorem:
874 565 882 581 ‘
902 564 969 595 Sed
987 574 1041 594 ve-

345 624 448 659 nient,
466 619 572 660 plenis
588 617 725 647 venient
739 615 907 647 connubia
921 614 1041 645 taedis!

347 670 448 702 Ovid.
466 669 507 699 de
531 668 634 698 Pont.
651 667 672 698 l.
686 675 726 697 11.
744 667 809 705 Ep.
825 674 888 696 vn.
911 666 919 681 ‘
935 664 1042 695 Susti-

345 731 424 752 neas
441 725 477 750 ut
495 729 590 755 onuS,
606 716 782 748 nitendum
797 715 924 746 vertice
944 715 1042 754 pleno

344 777 395 802 cst
409 770 429 802 ε’
452 775 487 800 ut
506 772 599 799 recte
613 766 815 798 veterrimus
832 763 1043 803 Amplissimi

344 822 406 851 viri
424 819 554 851 Claudii
567 817 716 849 Sarravii
730 816 837 847 liber:
863 815 962 855 vulgo
974 824 1041 845 ver-

342 872 402 902 tice
417 874 510 901 recto.
534 870 574 900 D.
595 868 712 899 Heins.

386 925 449 952 442
475 921 584 951 Omnis
599 920 700 949 madet
714 917 815 948 orbita
819 916 915 957 fletu]
950 915 1040 946 Perit

345 972 526 1002 Vossianus
543 980 648 1007 nnus;
665 968 751 1009 quod
769 968 868 999 malo.
903 966 1042 1004 Statius,

343 1022 450 1053 Theb.
466 1030 516 1052 vr.
540 1022 548 1037 ‘
566 1021 657 1050 delet
682 1019 792 1050 sulcos
819 1017 940 1048 iterata
957 1016 1044 1056 prio-

345 1082 398 1102 res
414 1070 558 1101 Orbita!
604 1071 688 1100 Mox
720 1079 781 1108 pro
814 1067 964 1098 Omnibus
989 1067 1042 1096 nci-

346 1122 459 1161 mugit,
493 1130 667 1161 quacunque
698 1120 722 1149 it
752 1119 783 1149 in
801 1127 921 1158 a‘qnore
945 1116 1044 1153 silvis,

344 1172 442 1202 multi
457 1177 588 1201 veteres
612 1169 730 1207 fulcis:
754 1169 890 1208 quintus
909 1167 1042 1197 Vatica-

346 1232 408 1253 nus
426 1223 562 1263 optima:
580 1226 669 1251 notae
686 1221 801 1255 sulcis,-
825 1223 939 1248 recte:
962 1227 1041 1258 quo-

345 1273 444 1303 modo
462 1276 496 1302 et
512 1273 600 1302 curis
618 1269 774 1300 secundis
789 1268 936 1307 conjecit
963 1267 1041 1296 Bar·

344 1323 442 1353 thius.
488 1322 620 1351 Caetera
651 1318 921 1358 inquinatissima
952 1321 1041 1354 sunt,

346 1377 379 1402 et
394 1371 513 1412 quibus
530 1379 662 1400 manum
679 1378 742 1398 non
757 1372 898 1406 temere,
920 1367 975 1407 qui
991 1377 1041 1397 sa-

346 1422 408 1462 pit,
425 1420 623 1451 admoverit.
670 1420 810 1449 Errorcs
828 1417 962 1449 Cereris
989 1418 1043 1447 de-

343 1472 531 1511 scripturus
548 1480 623 1501 cum
637 1468 745 1507 finiat,
770 1467 869 1499 facile
886 1471 1042 1508 apparet,

343 1530 443 1562 quam
461 1521 566 1550 multa
583 1520 616 1550 in
643 1519 707 1549 hoc
725 1518 893 1558 poematio
911 1517 1042 1547 deside·

343 1576 471 1601 rentur.
530 1569 708 1601 Nonnullis
745 1572 840 1598 certe
870 1566 1040 1597 codicibus

344 1621 535 1661 subscripta
550 1620 621 1650 liaec
639 1617 775 1659 offendi,
800 1620 809 1635 ‘
827 1618 916 1648 Finis
942 1618 1039 1648 Clan-

1093 261 1140 292 dii
1166 261 1343 292 Claudiani
1370 260 1411 290 dc
1438 265 1535 300 raptu
1564 261 1789 301 Proserpinm,

1094 311 1167 351 ejus
1195 311 1284 352 quod
1315 312 1504 342 invenitur:
1537 320 1612 341 nam
1644 311 1788 342 alterum

1097 362 1247 392 volumen
1264 362 1353 402 apud
1371 371 1428 392 nos
1449 372 1512 392 non
1530 361 1667 392 exstat!
1693 362 1790 393 Idem.

1137 415 1198 442 443
1226 413 1261 442 ln
1287 413 1400 442 <ethere
1425 411 1525 450 silvis]
1551 411 1698 442 Omnino
1716 412 1793 441 viti-

1096 470 1155 491 osa
1169 467 1221 492 est
1244 462 1315 492 lime
1332 462 1511 501 scriptura.
1560 461 1615 492 Ait
1636 462 1792 492 Claudia-

1096 522 1157 543 nus
1175 513 1331 543 aethercm
1349 514 1509 552 clamore,
1525 519 1650 544 terram
1666 519 1702 545 et
1723 523 1792 544 ma-

1097 573 1133 593 re
1150 564 1225 594 luce
1240 563 1431 594 funebrium
1444 574 1577 595 suarum
1590 564 1715 596 facium
1731 565 1793 596 Ce-

1097 622 1205 643 rerem
1232 614 1384 653 implere.
1429 616 1542 646 Quare
1573 615 1659 646 haud
1690 616 1794 647 dubio

1097 673 1176 693 vcra
1203 667 1255 693 cst
1279 664 1392 702 lectio,
1418 665 1498 695 licet
1536 665 1727 696 intricatior
1751 665 1792 695 ab

1096 718 1235 744 auctore
1252 714 1323 753 ipso
1350 714 1471 744 relicta
1486 723 1492 742 :
1515 715 1613 744 omnis
1627 716 1727 745 madet
1743 724 1791 744 or-

1096 763 1260 803 bituflelu.
1307 763 1457 794 Omnibus
1480 764 1634 803 admugit,
1660 774 1793 804 quacun-

1096 826 1152 856 que
1177 816 1201 846 it
1224 815 1257 846 in
1279 816 1405 854 aethere,
1420 817 1522 846 sulcis.
1570 817 1730 847 Rotarum
1749 816 1795 846 vi-

1095 866 1232 904 delicet,
1245 875 1309 897 non
1323 866 1412 897 enim
1427 866 1469 897 de
1485 866 1550 897 alio
1565 876 1733 907 quoquam
1748 866 1794 897 lo-

1095 916 1222 958 quitur.
1249 917 1360 948 Barth.

1138 969 1200 998 447
1224 966 1354 1006 Scylloeu
1367 967 1464 1006 petit]
1490 968 1649 998 Flammae
1676 966 1793 998 videli-

1098 1023 1153 1048 cet
1183 1016 1303 1057 fulgor.
1349 1019 1456 1048 Porro
1483 1017 1601 1047 deesse
1633 1024 1791 1058 quartum

1097 1069 1196 1108 liujus
1228 1069 1339 1107 operis
1358 1068 1480 1099 librum
1507 1067 1614 1107 possis
1644 1068 1741 1107 scire,
1766 1068 1792 1097 si

1099 1119 1292 1150 Claveriani
1317 1118 1453 1149 Codicis
1482 1119 1681 1156 Catalogum
1715 1126 1793 1147 con-

1098 1168 1345 1207 templere,nbi
1363 1169 1388 1197 is
1402 1173 1570 1207 tamquam
1585 1167 1725 1197 amissus
1737 1167 1794 1198 de-

1097 1218 1240 1248 siderari
1258 1222 1408 1248 notatur.
1433 1217 1531 1247 Idem.

1141 1266 1330 1306 Canibusque
1339 1266 1487 1306 reductis]
1502 1267 1614 1307 Scylla
1625 1267 1794 1307 scopulus,

1094 1326 1112 1346 a
1128 1317 1226 1355 longe
1251 1315 1392 1347 formam
1409 1317 1585 1347 humanam
1603 1317 1716 1357 capite
1740 1327 1794 1347 va-

1096 1366 1174 1396 nino
1192 1365 1310 1406 refert,
1335 1366 1414 1397 inde
1439 1365 1552 1397 fabula
1577 1372 1668 1397 nata.
1714 1367 1796 1400 Isid.

1096 1416 1153 1447 lib.
1168 1425 1249 1446 xm.
1267 1426 1342 1456 cap.
1362 1419 1412 1447 18.
1431 1420 1464 1447 et
1482 1425 1530 1447 xr.
1545 1426 1620 1457 cap.
1640 1419 1670 1447 3.
1697 1417 1793 1449 Serv.

1098 1466 1138 1496 ad
1158 1475 1211 1498 ιιι.
1239 1467 1371 1496 AEneid.
1388 1466 1475 1496 fine:
1500 1468 1508 1483 ‘
1523 1467 1637 1497 Prima
1653 1467 1794 1498 hominis

1094 1515 1201 1547 facies
1215 1520 1248 1546 et
1260 1516 1400 1556 pulchro
1417 1521 1557 1556 pectore
1573 1515 1687 1556 virgo.'
1702 1517 1794 1556 Lege

1096 1567 1178 1597 Fab.
1191 1567 1386 1606 plenissime
1399 1567 1457 1598 lib.
1472 1575 1544 1597 xlv.
1561 1567 1699 1597 Metam.
1713 1567 1793 1598 Fab.

1096 1621 1123 1648 1.
1148 1618 1289 1657 Dempst.

930 1963 1205 2005 XXXVII.

749 2156 1075 2204 GIGANTO
1084 2157 1387 2205 MACHIA.

383 2321 614 2351 ΡοΕΜΑῚῚυΜ
638 2320 813 2361 ho‹·‚quo‹l
826 2322 978 2352 mutilum
997 2321 1038 2352 ad

340 2380 401 2401 nos
416 2371 584 2410 pervenit,
598 2380 638 2400 ox
652 2371 961 2401 (3raec‹›(·la11‹liani
979 2373 1039 2402 La-

342 2421 479 2451 tinitate
496 2421 652 2450 donatum
672 2425 729 2450 aut
747 2421 787 2451 ab
815 2421 886 2460 ipso
904 2421 1039 2451 Claudi-

339 2480 403 2501 ano
432 2475 489 2501 aut
519 2470 561 2501 ab
584 2471 649 2501 alio
677 2475 866 2509 temporum
898 2471 1038 2501 istorum

339 2520 508 2560 scriptore
523 2521 692 2551 existimo.
718 2521 814 2551 ldcm
831 2530 963 2561 quoque
979 2522 1040 2550 mi-

338 2570 371 2600 hi
385 2571 572 2611 persuadeo
598 2572 641 2601 ‹le
665 2572 817 2610 Epistola
835 2572 875 2601 :ul
896 2571 1038 2601 Hadria-

339 2629 430 2658 num,
447 2620 555 2661 deque
573 2621 704 2661 Idylliis
731 2622 910 2659 nonnullis,
928 2622 1039 2661 qualia

338 2670 494 2710 Phoenix,
512 2671 668 2711 Hystrix,
685 2671 858 2711 Torpedo,
875 2672 982 2709 Nilus,
1003 2677 1038 2702 et

338 2720 507 2761 Magnes:
543 2726 582 2754 ut
603 2722 691 2752 enim
719 2722 846 2763 aliquid
881 2722 1037 2753 Claudia-

1095 2331 1193 2352 neum
1213 2321 1246 2350 in
1263 2321 1301 2350 iis
1330 2318 1431 2350 facile
1456 2326 1627 2357 agnoscas,
1653 2317 1701 2348 ita
1724 2318 1792 2348 lan-

1095 2375 1197 2409 guent
1215 2370 1341 2401 numeri
1368 2370 1576 2409 plerumque,
1600 2372 1635 2398 et
1659 2377 1735 2398 raro
1751 2366 1793 2398 ad

1096 2421 1214 2451 l‘oissta*
1232 2420 1336 2450 nostri
1353 2420 1415 2450 hac
1432 2419 1464 2449 in
1483 2423 1580 2458 parto
1595 2416 1793 2448 felicitatem

1096 2471 1307 2509 adsurgu¹113
1344 2480 1406 2499 nec
1431 2469 1630 2499 accesserim
1661 2468 1712 2507 iis,
1737 2467 1794 2508 qui

1096 2521 1168 2551 seni
1188 2527 1221 2550 ot
1239 2519 1354 2551 offatm
1374 2521 1438 2550 ista
1465 2519 1633 2549 excidisse
1660 2518 1798 2558 opinan-

1095 2577 1161 2602 tur.
1214 2571 1236 2601 Α
1269 2572 1313 2601 l).
1331 2571 1539 2610 Hieronymo
1567 2579 1609 2600 ex
1632 2569 1796 2608 Gigantu-

1095 2622 1225 2652 iuacliia
1243 2622 1363 2652 incerti
1393 2621 1466 2651 haec
1493 2621 1667 2651 citantur:
1692 2621 1700 2637 ‘
1717 2620 1794 2652 Quo

1096 2671 1194 2712 fugis,
1220 2672 1414 2702 Encelado?
1438 2680 1654 2712 quascunque
1682 2679 1795 2701 acces-

1094 2721 1178 2753 seris
1205 2731 1292 2762 oras,
1318 2721 1388 2752 Sub
1415 2721 1503 2754 Jove
1532 2729 1666 2762 semper
1692 2719 1757 2751 eris
1772 2718 1793 2749 :'
