1763 3116
480 168 527 198 ΙΝ
567 166 854 198 EUTROPIUM
889 167 984 196 LIB-
1017 167 1070 198 11.

92 265 153 294 170
182 262 334 305 Affigitur
361 260 439 300 oris]
473 260 639 302 Affigitur
667 269 747 300 qua-

50 316 126 343 tuor
142 313 280 353 scripti:
308 315 343 342 et
361 320 422 351 pro
437 310 512 349 oris,
533 310 618 341 urvis
632 309 745 340 melio·

46 372 102 393 res
131 372 257 394 omnes.
289 361 390 392 Ovid.
422 360 508 392 Met.
538 368 604 390 xu.
629 361 637 376 ‘
657 360 745 400 Cyg-

46 422 124 444 num
141 413 183 443 Vi
199 413 305 443 multa
321 412 426 442 vertit
440 416 609 451 terraeque
624 409 746 441 afflixit

46 461 226 493 Achillesz'
249 461 296 491 sic
319 461 408 492 enim
437 471 511 490 cum
538 460 744 491 membranis

45 510 237 551 legendum.
296 513 304 528 ‘
330 511 430 542 Saevo
461 510 608 542 afflictus
640 510 742 542 saxo’

44 560 139 602 Silio,
154 563 209 594 lib.
228 571 275 594 xi.
303 562 391 593 idem
421 563 476 595 lib.
505 572 540 594 x.
571 564 580 580 ‘
598 563 744 604 Jamque

42 612 252 643 reluctantes
279 613 427 644 stridens
444 614 586 644 immane
612 614 743 654 procel-

42 660 91 692 las
107 662 178 693 Per
192 663 328 702 longum
345 664 423 694 tulit
440 663 482 694 ad
499 664 610 704 campi
627 674 742 704 supre-

43 721 109 750 ma,
122 712 281 754 cavisque
296 712 453 744 Afflictos
478 714 560 754 ripis
577 714 743 745 tumidum

43 761 203 794 demersit
229 764 261 794 in
291 764 446 795 amnem!
494 765 586 795 Male
613 765 744 804 procella

43 813 78 843 in
94 814 236 853 vulgatis
251 815 513 854 exemplaribus.
536 815 580 845 D.
599 815 708 845 Heius.

88 866 147 893 172
172 863 333 893 Inhorruit
365 864 461 903 unda]
504 864 591 894 Urna
621 864 743 903 scripti

43 913 256 952 complures:
275 913 359 943 bene
375 923 383 950 ;
401 913 530 943 dictum
545 912 645 944 Cons.
662 913 745 953 Oly-

42 961 118 992 brii.
143 962 240 993 Idem.

86 1014 147 1042 176
173 1012 308 1042 Tandem
327 1011 534 1052 Targibilum]
568 1011 660 1043 Libri
677 1022 744 1042 me-

41 1062 140 1094 liores
176 1063 390 1103 Trabigilum:
432 1064 489 1094 alii
534 1064 742 1103 Tarbigilum,

42 1122 124 1154 quos
152 1114 243 1145 inter
270 1114 399 1154 primus
429 1114 638 1145 Vaticanus:
671 1113 743 1154 qui-

42 1163 117 1194 dam
133 1164 350 1203 Turbigalum‚
365 1170 467 1204 atque
481 1164 529 1195 ita
543 1173 655 1204 porro.
682 1165 743 1195 Le-

42 1222 97 1254 go,
117 1214 311 1254 Trigibilmn.
356 1214 551 1255 Τριβίγιλδος
574 1215 663 1246 enim
680 1215 743 1246 Zo-

40 1264 449 1307 sim0‚Socrati‚aliisque.
469 1267 536 1297 Pro
547 1265 668 1296 Geticoe
677 1267 742 1298 dux

39 1315 196 1355 improbus
209 1317 299 1354 aulae,
324 1317 385 1346 Vir
409 1317 459 1347 Cl.
493 1316 653 1347 Albertus
679 1317 743 1347 Ru-

42 1363 160 1395 benius
176 1366 254 1395 aloe:
277 1375 341 1395 non
366 1365 616 1402 dubitandun1;
640 1366 742 1396 mani-

42 1411 130 1444 feste
147 1414 324 1444 aemulatus
339 1420 388 1444 est
401 1415 457 1444 illa
469 1415 624 1444 Statiana
635 1414 741 1445 Theb.

42 1471 75 1494 x.
98 1463 211 1494 ‘Ecce
230 1468 265 1493 et
288 1463 435 1493 Dircaeae
459 1463 563 1502 juxta
590 1463 657 1492 dux
685 1464 742 1493 iin-

40 1513 167 1553 probus
185 1513 247 1542 alae
264 1513 416 1543 Venerat
430 1512 626 1551 Amphion.’
667 1513 741 1553 Syl-

38 1573 106 1594 var.
120 1572 169 1593 lv.
182 1563 223 1594 ad
236 1563 421 1594 Maximum
435 1563 597 1594 Junium:
615 1564 623 1580 ‘
637 1564 742 1605 Signa

37 1611 191 1643 fraenatae
208 1613 401 1643 moderatus
419 1612 502 1643 alre!
519 1613 617 1643 Idem.

85 1662 293 1703 Targibilum]
328 1662 513 1703 Tribigildi
549 1672 671 1694 nomen
696 1663 739 1694 ob

37 1724 170 1746 versum
208 1715 257 1745 ita
298 1714 522 1745 concinnasse
561 1715 738 1746 existimo.

38 1766 154 1797 Barth.

83 1819 143 1847 180
166 1816 343 1857 Scythicum
357 1817 477 1857 pectus]
513 1816 644 1848 Gothos
659 1817 738 1857 Scy-

38 1867 102 1898 this
117 1874 327 1898 annumerat.
353 1867 451 1898 Idem.

80 1919 140 1948 181
166 1916 329 1948 Simulata>
345 1917 482 1957 conjugis
495 1917 604 1958 offert]
635 1917 738 1948 Simu-

37 1968 99 1998 lato
126 1972 271 2008 quatuor
299 1967 398 1998 libri:
434 1967 573 1998 mentitoe
612 1968 738 2007 primus

37 2017 224 2048 Vaticanus
239 2027 298 2058 pro
314 2018 450 2049 diversa
466 2018 634 2049 lectione:
660 2028 737 2049 mox

35 2067 178 2099 incedens
195 2078 256 2108 pro
285 2069 401 2099 incedit
429 2068 570 2108 Gyrald.
595 2069 737 2100 Lucens.

37 2124 72 2149 et
108 2120 232 2149 Lovan.
265 2120 333 2158 alii,
362 2119 522 2150 incendia.-
563 2125 736 2159 corrupte.

36 2168 83 2199 D.
99 2168 211 2199 Heius.

80 2222 142 2251 182
162 2221 266 2251 Ferox
280 2221 425 2262 barbara]
443 2221 594 2252 Barbara
606 2226 738 2261 natura,

36 2268 131 2302 ferox
145 2271 390 2311 indignatione.
436 2272 568 2303 Gothos
589 2272 736 2303 mulieri-

36 2320 98 2352 bus
111 2321 221 2362 Reges
240 2323 378 2362 Reginis
395 2322 529 2354 deditos
555 2323 588 2353 in
606 2322 737 2353 Alarici

36 2373 190 2412 exemplo
209 2373 305 2404 Bello
322 2373 446 2404 Getico
463 2373 564 2404 docet
581 2372 736 2404 Claudia-

37 2429 111 2452 nus.
135 2422 251 2453 Barth.

80 2474 139 2503 185
179 2473 296 2513 Mitra]
333 2474 495 2505 Muliebri
537 2479 736 2506 ornamento

39 2523 301 2564 tegumentoque
318 2525 452 2564 capius.
476 2525 572 2556 Idem.

82 2570 238 2603 Redeunte
251 2575 408 2614 capillum]
453 2575 661 2616 Gyraldinus
687 2586 734 2606 re-

39 2620 191 2652 dimente:
216 2623 317 2661 brne3
341 2625 388 2655 sic
421 2626 505 2665 Copa
531 2626 561 2655 in
581 2627 734 2657 Catalec-

40 2670 82 2700 tis
106 2672 114 2686 ⁴
129 2670 231 2701 Graia
253 2673 411 2704 redimita
434 2675 584 2707 mitella!
629 2676 733 2707 Ovid-

39 2719 133 2751 Fast.
149 2729 205 2752 ιιι.
228 2731 303 2752 cum
317 2725 471 2765 scriptis:
487 2727 496 2742 ‘
514 2726 579 2757 Illa
596 2726 661 2757 levi
678 2728 736 2758 mi-

1386 160 1500 202 1485

800 264 855 290 tra
895 269 998 291 canos
1037 260 1196 293 redimita
1222 261 1387 302 capillos!
1431 264 1499 294 Pro

797 310 970 341 strinxerat
987 320 1045 341 sex
1063 312 1198 343 codices
1219 315 1398 343 struxerat:
1421 323 1501 353 quo-

798 359 897 390 modo
912 360 1000 399 apud
1019 360 1186 392 Prudeut.
1203 361 1382 402 Psychom.
1399 363 1407 378 ‘
1419 363 1500 392 'l'ur-

798 411 900 441 ritum
919 413 1016 443 tortis
1033 418 1137 453 caput
1153 413 1388 444 accumularat
1401 413 1434 442 in
1452 413 1499 443 al-

798 466 869 492 turn
895 463 1063 501 Crinibus,
1088 469 1282 495 exstructos
1300 469 1442 504 augeret
1460 468 1499 494 ut

797 512 914 543 addita
941 515 1046 544 cirros
1074 515 1274 555 CongerieS‚
1304 515 1500 554 celsumque

796 562 926 602 apicem
945 561 1035 594 frons
1050 564 1155 595 ardua
1171 563 1299 595 ferret.’
1331 563 1413 594 Pari
1431 573 1500 593 iuo-

796 613 840 644 do
854 613 897 644 D.
915 613 1142 655 Hieronymus
1160 614 1202 645 ad
1227 613 1499 653 Demetriadem,

794 663 941 694 ‘alienis
980 665 1111 703 capillis
1142 665 1300 695 turritum
1330 665 1499 695 verticem

795 713 960 744 struere:’
975 714 1062 745 hunc
1078 715 1178 746 ritum
1191 715 1247 745 alii
1258 715 1331 755 jam
1345 714 1499 745 observa-

797 768 887 794 runt.
947 765 1057 795 Paulo
1088 770 1166 805 post
1208 775 1268 805 pro
1293 764 1498 805 Insundc'tque

796 815 911 852 animo,
927 815 1039 845 malim
1056 814 1276 855 diffitndilque.
1325 815 1396 845 Pro
1405 815 1502 853 juvim-

796 872 846 893 ere
862 864 986 894 remisso
1003 874 1085 894 cave
1100 865 1259 895 admittas
1274 865 1498 896 Barthianuru

795 914 918 944 marito.
943 914 985 943 D.
1004 914 1122 944 Heius.

841 965 902 992 188
927 961 1132 1002 Infundz'lque
1148 965 1249 994 animo
1266 965 1351 994 ‘cirus
1374 975 1430 1005 per
1454 974 1500 995 οε·

795 1011 878 1050 cula]
902 1012 948 1042 Ut
961 1011 1108 1051 Cupido,
1123 1013 1256 1044 AEneid.
1274 1022 1299 1043 1.
1324 1014 1440 1045 Barth.

839 1063 901 1092 190
925 1061 1055 1092 Rabiem
1072 1062 1208 1102 motura]
1232 1062 1419 1094 Barbarum
1437 1064 1502 1094 ira-

796 1112 962 1143 cundiam.
988 1112 1086 1144 Idem.

840 1164 900 1193 193
925 1162 1070 1202 Tempore
1078 1162 1206 1203 pandit]
1228 1163 1358 1194 Thuan.
1374 1163 1500 1203 prodit:

795 1212 898 1243 nihilo
915 1213 1078 1243 deterius.
1107 1214 1151 1244 D.
1170 1213 1282 1244 Heius.

837 1266 900 1294 200
927 1263 1047 1299 Quibus
1061 1264 1208 1305 Argia-se]
1231 1265 1430 1305 Exemplum
1447 1274 1501 1296 re-

792 1315 894 1354 spicit
910 1314 1052 1353 Alarici,
1076 1315 1118 1346 de
1143 1316 1240 1356 cujus
1265 1316 1408 1356 conjuge
1425 1316 1498 1347 liaec

794 1365 905 1395 omnia
928 1371 1170 1396 commemorat
1198 1375 1263 1396 non
1290 1367 1394 1396 semel
1418 1366 1498 1397 alibi

795 1419 923 1443 noster.
948 1415 1064 1445 Barth.

837 1467 897 1494 201
927 1465 968 1494 Et
987 1474 1054 1503 quoe
1071 1474 1207 1495 meruere
1223 1465 1386 1506 Luc-cenos]
1426 1467 1499 1498 Sibi

793 1524 859 1553 quoe
884 1515 950 1544 duo
975 1520 1126 1545 veteres:
1160 1525 1235 1545 mox
1257 1515 1344 1546 forte
1361 1527 1378 1547 a
1397 1527 1497 1548 manu

794 1565 1001 1594 Claudiani:
1033 1566 1170 1597 ‘Quem
1209 1565 1337 1605 refugit
1374 1569 1495 1606 patriae

793 1614 899 1644 ritus.'
924 1615 966 1645 D.
984 1615 1097 1645 Heius.

833 1667 896 1695 203
925 1666 1035 1695 Totum
1052 1665 1105 1704 qui
1121 1666 1255 1704 degener
1265 1665 1352 1696 exuit
1364 1666 1497 1709 Istrum]

791 1716 983 1756 Scythicam
999 1715 1271 1746 bellicositatem.
1308 1716 1412 1748 Dicas
1428 1727 1497 1748 mo-

791 1777 861 1797 rem
900 1767 982 1797 Istri
1012 1767 1203 1797 accolarum
1242 1767 1404 1807 innuisse,
1433 1778 1496 1809 per

790 1827 865 1847 eum
899 1816 1034 1848 fluvium
1066 1828 1195 1848 summa
1222 1824 1255 1848 et
1283 1818 1497 1850 interneciva

788 1867 939 1898 hostibus
978 1873 1057 1899 vota
1094 1868 1277 1909 concipere
1306 1869 1495 1901 solitorum.

788 1917 905 1948 Barth.

831 1972 894 2000 206
920 1969 1020 2004 Quam
1045 1969 1186 2000 dominus
1210 1970 1316 2010 rapto]
1348 1970 1494 2001 Locutio

789 2024 971 2059 correpta:
999 2019 1104 2060 potius
1129 2020 1216 2049 enim
1245 2025 1297 2050 est
1323 2020 1495 2059 omissum,

788 2070 877 2111 quod
908 2070 949 2100 ad
984 2070 1153 2110 integrum
1188 2080 1378 2100 sermonem
1407 2080 1492 2110 opus

788 2126 876 2151 erat.
900 2121 1056 2151 Valerius
1075 2121 1297 2160 Flam-usum.
1316 2129 1382 2151 vir.
1412 2121 1421 2137 ‘
1439 2130 1495 2152 oc-

788 2172 948 2202 cumbere
988 2171 1124 2202 tandem
1155 2171 1352 2209 Possumus,
1388 2170 1492 2212 idque

787 2221 897 2261 sedet,
917 2232 1016 2262 quam
1042 2231 1108 2252 non
1137 2231 1349 2262 quaecunque
1377 2221 1491 2252 subire

790 2273 902 2303 Patris
923 2274 1019 2312 jussa
1036 2272 1109 2304 tui.'
1133 2273 1232 2303 Idem.

830 2328 892 2356 207
919 2326 1095 2356 Praetentas
1120 2325 1222 2365 vitiis]
1266 2324 1359 2355 Male
1388 2324 1489 2364 vulgo

784 2379 953 2415 pertentas.
999 2375 1141 2415 Gyrald.
1165 2381 1200 2406 et
1225 2380 1294 2406 tres
1318 2375 1386 2415 alii,
1401 2375 1490 2405 Prae-

786 2426 897 2455 tendis.
922 2426 967 2456 D.
985 2425 1103 2456 Heius.

828 2478 892 2506 209
917 2476 995 2506 Cum
1011 2476 1071 2505 tela
1081 2474 1187 2515 geras]
1210 2476 1387 2506 Lucanus:
1413 2474 1422 2489 ‘
1439 2483 1490 2503 ar·
1529 2485 1532 2486 ⁷

786 2535 840 2556 ma
868 2526 998 2556 tenenti
1027 2526 1152 2556 Omnia
1179 2525 1238 2556 dat
1255 2525 1416 2565 qiiijusta
1432 2532 1488 2554 ne-

786 2576 868 2616 gat)

831 2626 934 2657 Flebis
952 2626 1085 2666 inultus]
1123 2626 1352 2666 Exprobratio
1385 2621 1487 2654 animi

786 2676 906 2706 mollis.
946 2676 1130 2708 Horatius:
1154 2678 1162 2694 ‘
1181 2676 1316 2707 qultus
1339 2678 1373 2705 et
1397 2671 1487 2703 flebo

787 2727 893 2768 puer.'
917 2728 1036 2759 Barth.
