1763 3116
490 162 551 191 DE
586 159 740 189 BELLO
773 159 966 189 GETlCO.

3 255 109 288 civica
136 256 251 286 vulnus
275 254 407 286 Invidia
425 254 593 293 augebant
608 252 629 283 ε’
652 253 697 283 sic

0 306 78 345 lego
92 317 100 343 ;
124 305 204 336 Iubes
220 306 328 335 locum
347 305 399 334 hic
415 313 479 333 non
495 303 608 333 habet.
643 303 698 333 Sa-

2 356 80 386 lust.
98 365 145 386 iv.
160 355 287 385 Histor.
303 355 311 370 “’
329 353 393 385 Qui
410 352 545 392 quidem
562 361 644 390 mos,
662 354 698 381 ut

2 406 112 443 tabes,
141 406 173 435 in
201 405 315 435 urbem
343 402 543 442 conjectus)
582 402 637 433 Sic
663 406 698 432 et

0 457 8 472 ‘
28 456 137 487 tabem
155 454 231 485 t'ori’
256 453 340 484 dixit
359 453 520 483 Tacitus:
548 451 698 492 quando-

1 515 65 545 que
81 505 169 535 enim
188 513 246 543 pro
266 507 360 542 peste
379 503 531 532 sumitur.
568 502 607 532 In
628 501 699 531 Pri-

0 563 115 584 caeano
144 553 246 589 furiis
275 553 410 582 exercita
447 552 529 583 belli.
594 551 697 581 Forte

0 603 111 633 interni
127 602 207 632 belli.
255 602 335 632 Mox
361 612 420 642 pro
446 603 523 632 ierat
550 602 698 641 optimus

0 652 154 684 Ambros.
170 654 255 688 Ieru,·
277 657 313 683 ut
330 653 467 682 Romam
485 652 698 692 alloquatur:

0 704 172 743 sequeutia
187 701 397 733 confirmant.
439 702 481 732 D.
500 701 613 731 Heius.

40 757 78 784 51
115 753 211 784 Levat
251 752 350 791 arces]
398 751 561 791 Papinius
607 759 699 781 xvir.

0 803 96 834 Cous.
132 803 264 833 Domit.
309 804 317 818 ‘
345 802 389 832 Et
422 800 699 840 Septemgemino

0 854 178 891 jactantior
211 852 338 882 mihera
367 852 479 891 pulsat
512 852 618 881 Roma
643 850 699 890 ju-

0 902 64 942 go!
101 903 215 933 Barth.

39 956 80 983 52
104 952 252 982 Secundis
279 950 373 989 Deis]
398 951 555 981 Fortunae
583 949 699 980 faven-

0 1003 35 1033 ti.
68 1003 163 1032 Idem.

39 1055 79 1083 54
110 1052 259 1091 AEquoeca
286 1049 368 1090 polo]
404 1050 456 1079 Ex
490 1048 566 1078 illo:
606 1050 614 1064 ‘
635 1047 698 1078 His

0 1111 59 1142 ego
84 1110 145 1131 nec
173 1106 281 1131 metas
311 1109 422 1130 rerum
454 1108 517 1130 nec
543 1103 699 1138 tempora

0 1151 108 1193 pon0.’
136 1151 237 1182 Idem.

43 1201 124 1232 Urbs
140 1211 273 1240 oequaeva
292 1199 376 1241 polo]
411 1198 618 1230 Claudianus
644 1207 698 1228 ur-

0 1252 47 1283 bis
75 1257 213 1283 aeternae
241 1256 366 1282 statum
395 1249 621 1280 inviolabilem
645 1259 700 1279 au-

0 1306 161 1342 guratur;
187 1302 243 1331 sed
263 1300 406 1331 frustra:
432 1309 507 1330 nam
531 1304 607 1338 post
627 1299 699 1329 obi-

0 1357 68 1382 tum
95 1351 289 1382 Stilichonis
323 1351 430 1380 Roma
457 1353 561 1388 capta
588 1358 627 1378 ac-
651 1348 698 1377 (li-

0 1407 97 1442 repta
134 1405 184 1431 est
218 1400 260 1431 ab
292 1399 430 1431 Alarico
454 1399 539 1430 duce
572 1398 699 1429 Gotlio-

0 1461 82 1482 rum.
121 1452 241 1481 Clarer.

34 1503 146 1533 Ferrea
157 1500 316 1540 Lachesis]
328 1499 566 1530 Inexorabilis.
580 1499 697 1530 Barth.

37 1554 78 1581 56
118 1551 230 1591 Notis]
280 1549 471 1588 Inusitatis,
508 1548 698 1580 horrendis.

0 1602 90 1633 Idem.

37 1654 78 1681 58
103 1651 231 1681 Promat
247 1649 283 1680 ab
302 1648 405 1688 Indis]
432 1649 551 1678 Prodat
571 1648 697 1687 primus

0 1700 117 1731 Petav.
138 1700 203 1731 duo
229 1699 385 1729 Vaticani
407 1702 442 1729 et
467 1698 589 1728 I'atav.
613 1696 698 1728 dixi-

0 1761 68 1782 mus
85 1751 175 1781 alibi.
210 1751 254 1781 D.
276 1750 390 1780 Heius.

39 1803 78 1830 61
117 1798 299 1839 Hucusque]
348 1800 463 1829 Roinae
504 1797 699 1829 discrimina

0 1850 146 1881 Deorum
165 1850 314 1890 ipsorum
338 1848 529 1880 infortuniis
544 1853 697 1879 excusat.

0 1900 81 1932 Qua:
98 1904 239 1930 eatenus
257 1904 409 1940 grassata
425 1898 569 1929 affirmat
583 1904 621 1929 ut
635 1897 700 1928 Sti-

0 1950 133 1980 lichonis
149 1950 221 1980 haec
240 1950 384 1980 victoria
410 1948 507 1979 finita
524 1948 593 1979 sint
621 1957 697 1979 cum

0 2000 71 2040 ipso
88 2006 191 2031 metu.
215 2000 332 2030 Barth.

39 2051 79 2080 64
104 2048 201 2086 Sifas
212 2053 256 2079 cst
270 2048 422 2087 timuisse]
447 2048 698 2079 Tremuisseme-

0 2098 99 2129 liores
115 2109 122 2129 z
147 2103 182 2128 et
198 2109 275 2129 mox
292 2101 476 2138 spiramque.
501 2099 543 2128 D.
562 2098 683 2129 Heius.

39 2148 77 2179 Si
86 2149 143 2186 sas
156 2151 215 2189 est]
239 2149 456 2189 Impietatem
472 2149 564 2180 dicto
578 2149 697 2189 depre-

0 2202 106 2230 catur.
133 2198 248 2229 Barth.

39 2251 81 2279 66
104 2248 282 2289 Lamberet]
309 2250 474 2288 Tangeret.
510 2250 697 2280 Horatius:

0 2299 96 2340 *quae
122 2300 196 2330 loca
222 2299 393 2331 fabulosus
417 2301 552 2332 Lambit
570 2301 700 2342 Hydas-

0 2348 80 2390 pes.’
107 2349 202 2380 Idem.

41 2401 82 2429 67
120 2399 234 2440 Labor]
270 2401 519 2440 1nconstanfia,
547 2401 698 2434 afflictio.

2 2449 99 2480 Idem.

43 2502 85 2529 68
111 2499 378 2541 Geminisratres]
401 2502 530 2543 Othrys
547 2507 581 2534 et
598 2503 701 2544 Ephi-

2 2550 98 2581 altes.
124 2549 218 2580 Idem.

45 2602 86 2630 70
111 2599 315 2639 Steteritque]
343 2601 478 2632 Omisso
504 2612 563 2632 suo
590 2613 700 2634 cursu.

0 2649 128 2681 Dicere
143 2649 213 2679 vult
230 2657 316 2688 pene
328 2651 500 2681 coelestem
516 2653 701 2684 machinam

3 2699 195 2732 constitisse
212 2708 288 2730 cum
306 2703 376 2731 tres
392 2705 522 2732 montes
541 2704 701 2734 contulis-

1347 149 1459 191 1555

751 257 827 283 sent
844 253 1024 293 Gigantes,
1050 251 1149 282 Idem.

793 306 834 333 72
860 304 956 333 Caret
971 305 1080 333 eventu
1095 300 1212 331 nimius
1219 300 1330 340 furor]
1356 302 1453 334 Euri.

750 353 846 393 pides
864 353 1020 383 Helena:
1057 353 1151 382 Μισεῖ
1170 351 1231 391 ’γὰρ
1257 352 1272 381 ὁ
1297 351 1377 383 Θεὸς
1398 353 1456 390 τὴν

748 403 833 438 βίαν.
894 403 1120 433 Prudentius:
1160 403 1168 418 ‘
1198 401 1324 442 frangit
1361 403 1457 435 Deus

750 463 847 484 omne
863 452 1067 492 superbum.'
1096 453 1192 482 Idem.

792 507 831 534 73
858 504 1028 533 Perrenrre
1044 504 1184 541 jur-enta>
1212 502 1335 541 Robur]
1371 503 1458 534 Sub-

751 554 828 584 audi
846 554 1001 584 voculam
1027 555 1086 589 u‹l;
1119 564 1180 594 pro
1206 555 1245 583 ad
1272 553 1364 583 robur
1390 563 1457 584 non

751 614 950 646 pervenere.
976 604 1072 634 Idem.

793 657 832 684 74
857 653 995 692 Amidae]
1020 654 1142 684 stultae
1169 657 1203 684 et
1230 651 1376 683 effraenis
1402 662 1460 684 au-

750 705 855 736 dacize
873 704 1114 744 violentiaeque
1131 703 1304 742 exempla,
1329 703 1370 733 ad
1392 707 1458 734 ter-

753 754 876 785 rendos
894 754 1021 784 animos
1036 753 1313 784 inconsultorum.

794 804 918 844 Pelion]
942 804 1096 833 Mentem
1114 802 1309 833 Thessaliae.
1341 802 1457 834 Barth.

794 854 905 883 Pelion
923 852 1036 893 Oti-ys]
1078 853 1158 882 Otus
1188 852 1370 891 legendum
1402 851 1459 883 alii

745 903 819 942 jam
839 903 1007 932 viderunt.
1054 902 1094 932 In
1113 902 1250 941 scriptis
1266 906 1360 932 certe
1377 911 1458 931 non-

750 953 850 982 nullis
868 953 949 991 Otys
965 956 998 982 et
1016 952 1088 982 otis
1101 956 1162 982 est.
1211 952 1294 981 Oeen
1309 956 1344 982 et
1358 952 1458 991 Ephi-

749 1004 830 1032 alten
845 1002 1009 1041 Virgilius
1027 1011 1161 1042 quoque
1187 1001 1219 1030 in
1236 1002 1353 1032 Culice
1378 1012 1457 1033 con-

744 1051 874 1092 junxit.
899 1052 943 1082 D.
961 1051 1074 1082 Heius.

791 1104 831 1132 77
856 1101 983 1140 Aspice,
1012 1102 1122 1140 Roma,
1148 1100 1249 1140 tuum]
1274 1099 1458 1132 Geminata

751 1151 950 1181 acclamatio
975 1150 1127 1190 ejusdem
1155 1151 1248 1181 vocis
1266 1155 1368 1190 auget
1385 1161 1460 1181 sen-

751 1201 892 1232 tentiam
911 1201 1043 1242 vimque
1061 1199 1290 1232 vociferantis.
1319 1201 1436 1233 Barth.

793 1255 833 1283 78
858 1250 996 1290 Rarum]
1031 1251 1134 1281 Velut
1158 1250 1330 1291 decerptis
1356 1251 1461 1291 pluri-

751 1302 812 1332 mis
823 1302 936 1332 aristis
950 1301 989 1331 de
1003 1301 1175 1341 manipulo
1186 1301 1335 1340 frugum.
1361 1301 1457 1333 Idem.

794 1354 835 1381 79
860 1351 957 1380 Italia
972 1350 1127 1389 detrusus]
1164 1351 1274 1382 Quam
1301 1360 1361 1390 spe
1384 1352 1458 1391 jam

751 1401 991 1439 devoraverat,
1008 1401 1079 1439 ejus
1098 1399 1270 1439 potiundae
1289 1400 1399 1440 gratia
1415 1410 1458 1431 ex

751 1451 855 1490 Epiro
873 1450 1083 1481 contendens
1104 1459 1164 1489 per
1183 1449 1368 1490 Illyricum.
1392 1451 1459 1481 Sti-

751 1500 883 1531 lichone
904 1500 976 1539 jain
1001 1500 1170 1530 exstincto
1188 1499 1330 1530 Romam
1349 1499 1458 1531 Alari-

751 1560 808 1581 cus
822 1549 1018 1589 occupavit.

795 1598 968 1637 Detrusus]
992 1598 1123 1640 Eadem
1141 1599 1253 1639 jactat
1282 1609 1329 1631 vl.
1356 1601 1458 1633 Cons.

750 1649 907 1680 Honorii.
930 1649 1048 1680 Barth.

794 1701 832 1729 81
860 1698 967 1728 Pati-ii
979 1697 1259 1736 numenjuraverat
1274 1699 1366 1739 Istri]
1382 1700 1457 1731 Mo-

751 1759 786 1780 re
799 1748 951 1790 gentium
966 1749 1155 1779 accolarum
1173 1749 1333 1782 Danubii.
1358 1751 1458 1782 Idem.

795 1802 835 1830 84
861 1799 1017 1830 Romanas
1038 1799 1145 1839 umus]
1177 1800 1340 1840 Coeperat
1366 1800 1457 1832 enim

745 1851 820 1891 jam
838 1849 994 1880 fastidire
1012 1849 1106 1881 alias.

794 1901 859 1932 Sua
881 1901 1014 1940 pig-nora
1033 1900 1126 1940 vidit]
1160 1900 1291 1931 Alludit
1316 1900 1458 1940 captivi-

753 1956 859 1982 tatem
877 1951 1068 1982 Gothorum
1086 1949 1358 1990 profligatorum,
1380 1959 1457 1989 quae

752 2006 848 2032 tanta
864 1999 940 2039 fuit,
969 2005 1006 2030 ut
1024 2000 1261 2030 vilissimarum
1289 1999 1457 2038 pecudum

750 2051 848 2082 modo
860 2050 1000 2090 singulis
1015 2050 1124 2080 aurcis
1135 2059 1257 2089 greges
1270 2049 1458 2080 venderen-

752 2106 817 2133 tur.
864 2102 955 2131 Mens
977 2100 1134 2140 profunda
1162 2110 1270 2140 spem,
1297 2109 1458 2139 praesum-

751 2153 878 2184 tionem
897 2154 1092 2182 immensam
1111 2156 1218 2184 notat.
1242 2152 1358 2183 Barth.

793 2206 834 2232 89
859 2201 1007 2232 Manibus
1021 2205 1049 2232 ct
1066 2201 1176 2241 armis]
1201 2202 1316 2232 Milite
1339 2205 1375 2232 et
1403 2211 1459 2241 ap-

752 2257 872 2292 paratu
890 2252 959 2282 sive
976 2251 1204 2282 ium-umento
1220 2251 1355 2289 bellico,
1382 2261 1459 2291 spo-

751 2302 871 2342 liisque
886 2306 936 2331 tot
952 2311 1115 2332 annorum
1132 2302 1242 2342 spatio
1257 2301 1460 2341 convasatis,

752 2357 789 2382 ut
807 2357 923 2383 noster
941 2353 1018 2386 lates
1032 2361 1079 2383 v1.
1096 2352 1283 2383 Consulatu
1303 2351 1458 2383 Houorii.

751 2402 849 2432 Idem.

794 2455 833 2482 9l
860 2452 979 2482 Positis
1001 2451 1095 2491 odiis]
1135 2451 1220 2483 Quae
1251 2460 1327 2482 cum
1360 2451 1456 2482 hoste

752 2502 857 2533 vincit
875 2502 925 2532 vir
942 2500 1040 2532 fortis
1056 2507 1092 2532 et
1108 2501 1256 2541 sapiens.

797 2553 958 2591 Ignoscere
971 2552 1130 2591 pulchrum
1147 2552 1221 2581 ιΙαιη
1237 2550 1362 2591 misero]
1393 2550 1458 2581 Ex-

752 2603 864 2643 emplo
881 2602 1026 2633 leonum.
1053 2602 1168 2632 Barth.

795 2656 835 2683 95
861 2652 988 2692 Magis]
1012 2653 1143 2683 Potius.
1167 2653 1264 2682 Idem.

795 2706 836 2734 97
861 2704 911 2735 Ne
924 2704 1011 2743 pejor
1026 2705 1059 2734 in
1080 2705 1165 2733 arcto
1185 2702 1319 2734 Saevirct
1342 2697 1457 2739 rabies]
