1859 3148
337 163 450 206 1626

340 266 593 308 Proserpinam,
609 265 716 296 disces
730 273 771 293 ex
787 261 868 292 Isid.
882 260 939 292 lib.
953 269 1032 292 vm.

340 327 414 358 cap.
431 321 481 348 ll.
504 321 594 347 etex
621 324 718 345 versu
740 313 795 343 illo
823 312 958 350 vulgato
975 311 1033 342 sed

339 367 531 408 ingenioso:
570 367 578 382 ‘
605 365 737 399 Terret,
777 363 912 399 lustrat,
954 361 1035 401 agit,

340 418 558 457 Proserpina,
588 416 691 451 Luna,
721 412 843 450 Diana,
877 412 961 452 Ima,
983 422 1036 443 su-

341 477 469 507 prema,
492 465 593 500 feras,
627 466 775 501 sceptro,
809 460 954 502 fulgore,
985 472 1034 493 sa-

340 516 447 557 311133
477 516 652 552 Dempster.

381 565 508 597 Attoltit
530 560 664 600 Eleusis]
690 560 814 591 Eleusin
831 561 957 592 rectius
981 571 1035 592 co-

340 615 430 645 dices
459 612 620 643 nonnulli.
646 611 686 641 de
704 620 770 652 quo
799 611 840 642 ad
866 612 1034 642 Nasonem

340 663 502 705 pluribus.
526 663 568 693 D.
581 661 693 692 Heins.

383 717 421 745 12
437 715 564 751 Angues
574 712 755 752 Triptolemi
771 712 924 752 stridunt]
942 713 1034 744 Quos

337 765 385 795 1111
401 767 576 794 munerata
593 766 668 792 erat
686 762 799 793 Ceres.
823 762 937 792 Barth.

382 818 419 846 13
455 814 593 854 Attrita]
631 813 671 844 Id
717 817 783 851 est,
825 813 937 843 Polita
976 821 1034 843 seu

338 865 437 896 levia.

380 915 540 955 Lapsaque
550 913 670 952 screno]
687 912 838 952 Placido,
851 913 1035 944 Clemente.

337 963 434 995 Tales
461 963 745 1003 enim'finguntnr
777 963 953 993 Dracones
978 962 1035 1003 qui

339 1013 429 1044 Deos
459 1013 597 1043 veliunt.
641 1011 731 1042 Hinc
757 1011 884 1043 factum
913 1017 949 1042 ut
974 1022 1035 1052 pro

339 1063 424 1094 coelo
441 1068 563 1102 pacato
576 1066 612 1092 et
626 1062 797 1100 clementi,
820 1061 965 1092 Serenum
981 1062 1035 1093 ab·

339 1113 450 1144 solute
467 1113 656 1142 dictitetur.
681 1111 796 1142 Barth.

383 1166 423 1194 14
458 1162 586 1201 Roseus]
622 1162 651 1192 Α
682 1162 794 1192 colore
822 1166 857 1192 et
897 1162 1036 1202 placidi-

341 1216 421 1244 tate.
468 1213 566 1242 Rosea
586 1220 662 1241 vero
678 1212 734 1240 lux
750 1211 855 1240 omnis
873 1211 960 1250 grati
984 1221 1036 1240 ru-

341 1261 441 1293 boris,

385 1310 520 1349 Cri-stas]
544 1309 670 1339 Poittas
701 1309 795 1338 aiunt
835 1309 955 1338 cristas
993 1308 1035 1338 de

340 1371 400 1392 sua
415 1361 472 1390 illa
494 1360 668 1390 notissima
695 1359 897 1389 liberalitate
921 1356 1037 1387 affinx-

338 1411 402 1441 isse
425 1408 637 1446 draconibus,
665 1417 741 1438 cum
768 1408 868 1438 nullae
900 1407 939 1437 iis
968 1407 1036 1438 sint

340 1459 492 1499 probatae.
536 1458 728 1489 testimonio
777 1457 879 1490 Jubae
920 1457 1034 1497 Regis.

340 1509 455 1539 Barth.

383 1561 420 1589 15
454 1557 563 1588 Ternis
592 1556 713 1586 Hecate
749 1556 872 1585 variata
900 1554 1035 1596 figuris]

337 1608 419 1638 Tria
435 1608 524 1637 euim
540 1606 674 1636 numina
700 1607 761 1636 lioc
788 1606 857 1635 solo
884 1614 1035 1645 compre-

338 1657 543 1694 henduntur,
561 1655 649 1696 quod
667 1656 841 1695 eleganter
865 1654 1036 1685 enarravit

340 1706 560 1743 Prudentius,
586 1706 643 1736 lib.
670 1708 697 1736 1.
724 1706 757 1735 111
780 1706 905 1744 Symm.
940 1709 948 1721 ⁴
969 1704 1036 1734 De—

339 1756 438 1797 nique
457 1766 530 1786 cum
549 1757 640 1786 Luna
663 1761 727 1793 est,
751 1755 910 1785 sublustri
928 1755 1036 1794 splen—

340 1806 397 1837 det
414 1806 558 1836 amictu:
585 1807 668 1836 Cum
686 1805 959 1844 siiccinctajacit
983 1814 1034 1834 ca—

340 1855 456 1894 lamos,
482 1854 624 1885 Latonia
647 1854 741 1894 virgo
762 1858 832 1884 est:
859 1854 943 1883 Cum
961 1853 1036 1883 sub-

340 1906 420 1936 nixa
451 1905 548 1935 sedet
577 1905 672 1942 solio,
707 1905 864 1935 Plutonia
887 1904 1035 1944 conjux?

340 1955 460 1995 virgil.
500 1957 508 1972 ‘
543 1955 608 1985 tria
638 1954 776 1994 virginis
807 1963 864 1985 ora
895 1954 1038 1985 Dianael

340 2004 438 2036 Idem.

383 2055 494 2085 Teruis
518 2054 637 2084 Hecate
661 2053 784 2084 cariata
808 2051 944 2093 figuris]
973 2053 1038 2083 Pe-

341 2105 492 2134 taviauus
516 2114 598 2134 unus
621 2107 656 2133 et
683 2104 813 2132 Bonon.
834 2105 938 2132 ternas
950 2102 1036 2143 figu-

341 2164 402 2193 ras,
429 2154 577 2193 eleganti
597 2152 804 2183 Graecismo:
832 2152 1038 2182 Prudentius

341 2205 602 2243 contraSymm.
638 2203 647 2219 ‘
674 2207 791 2242 terque
818 2212 892 2232 suas
917 2202 1036 2232 eadem

341 2254 471 2285 variare
495 2253 618 2291 figuras
643 2252 828 2284 Creditur)
860 2253 960 2283 Statii
979 2253 1037 2282 illa

341 2304 491 2343 respexit
506 2308 631 2338 noster,
646 2302 810 2332 Thebaid.
825 2311 860 2332 x.
879 2304 887 2319 ‘
902 2313 1035 2334 arcanae

340 2353 545 2385 moderatrix
564 2353 710 2391 Cynthia
724 2355 844 2391 noctis,
868 2354 903 2383 Si
919 2358 951 2383 te
970 2359 1036 2383 ter-

341 2403 480 2442 geminis
527 2402 706 2441 perhibent
748 2403 877 2432 variare
919 2402 1036 2442 figuris

342 2452 499 2484 Numen.'
522 2452 565 2482 D.
583 2451 694 2482 Heius.

383 2505 423 2533 lo
453 2501 622 2541 Exoritur]
645 2501 793 2532 Subitam
823 2502 1036 2541 praeseutiam

341 2551 481 2582 indicat.

386 2601 537 2641 Lenisque
550 2601 655 2641 simul]
679 2601 754 2631 Hoc
777 2607 840 2636 est,
868 2602 1037 2640 Clemens,

342 2650 475 2683 favens.
528 2651 596 2681 Alii
628 2651 702 2681 libri
730 2651 853 2682 liabent
881 2653 1039 2693 meusque,

342 2701 432 2744 quod
449 2701 551 2734 faciat
567 2702 677 2733 laetos.
703 2702 792 2733 Hinc
805 2703 959 2735 Bacchus
981 2705 1039 2735 Le-

527 171 668 202 No'rAE
703 171 724 198 V
735 167 963 199 ARIORUM
999 168 1049 197 ΙΝ

1083 167 1158 198 Ch.
1192 168 1372 198 Chaon.
1405 166 1603 198 XXXIII.

1084 271 1168 291 meus
1183 260 1303 299 dictus,
1331 259 1418 300 quod
1436 263 1581 290 mentem
1597 258 1702 290 leniat
1727 257 1781 301 (ut

1084 312 1155 341 vult
1169 310 1318 345 l)0nat.).
1347 309 1412 340 Alii
1430 310 1547 340 volunt
1557 310 1684 340 Lenaeos
1695 309 1782 341 Bac-

1085 360 1138 391 chi
1156 361 1250 390 ludos
1267 369 1353 397 esse,
1367 360 1423 400 qui
1442 359 1569 389 circum
1587 358 1781 397 torcularia,

1086 420 1161 451 qum
1178 408 1289 446 ληνοὺς
1302 409 1414 440 Graeci
1429 412 1562 447 vocant,
1579 407 1783 438 exhibeban-

1085 466 1149 491 tur.
1193 461 1260 491 Sed
1286 465 1321 491 et
1348 461 1424 491 lenis
1444 460 1497 490 liic
1525 458 1669 499 intelligi
1696 459 1782 489 Bae·

1085 511 1167 542 clius
1185 516 1309 551 potest,
1336 511 1490 551 quoniam
1519 509 1663 550 placide,
1686 517 1748 539 nec
1764 517 1784 539 a

1084 561 1279 600 lymphatis,
1303 566 1339 591 ut
1358 560 1450 599 alibi,
1476 570 1535 600 per
1554 559 1712 590 insaniam
1729 567 1784 590 co·

1084 613 1228 643 lebatur.
1254 612 1403 642 Parrhas.

1126 662 1279 701 Lenisque
1293 662 1385 691 simul
1403 661 1543 700 procedit
1563 660 1703 699 Iacchus]
1727 659 1783 690 Sic

1084 712 1180 742 multi
1212 711 1366 749 codices;
1406 710 1462 740 alii
1500 711 1656 748 laetusque,
1693 707 1784 749 quod

1084 762 1243 792 Barthius
1258 760 1530 800 amplectebatur
1555 759 1645 790 curis
1669 767 1785 789 secun·

1085 812 1154 842 dis:
1174 812 1232 842 sed
1249 812 1294 841 nil
1306 820 1455 841 necesse.
1480 809 1657 847 Ausonius,
1674 808 1784 848 Epist.

1087 865 1137 892 13.
1163 861 1357 892 ‘Sollicitat
1383 861 1492 891 lenem
1520 859 1605 891 comi
1629 867 1784 890 sermone

1086 911 1246 952 Lyaeum.'
1270 911 1382 940 Possis
1398 915 1509 940 tamen
1524 915 1559 940 et
1571 910 1646 940 levis
1659 909 1787 938 Iacchus

1086 972 1148 1002 pro
1165 961 1306 992 imberbi
1321 970 1484 1001 reponere
1500 971 1508 998 ;
1527 959 1696 1001 quomodo
1712 958 1787 989 levis

1087 1014 1212 1053 Agycus
1239 1011 1281 1042 de
1312 1010 1442 1041 Pboebo
1471 1010 1559 1049 apud
1591 1009 1785 1048 Horatium,

1086 1063 1171 1093 libro
1189 1071 1236 1093 iv.
1261 1061 1328 1092 Od.
1347 1070 1395 1091 ri.
1419 1061 1461 1091 D.
1474 1061 1587 1091 Heius.

1129 1112 1231 1142 Simul
1241 1112 1392 1151 procedit]
1415 1112 1499 1140 Cum
1512 1110 1725 1149 Triptolemo
1740 1108 1788 1138 ni-

1087 1161 1204 1191 mirum
1234 1161 1368 1191 Cereris
1382 1160 1545 1190 minim-o.
1581 1159 1644 1188 Vel
1659 1159 1787 1189 Cerere

1086 1212 1159 1251 ipsa
1175 1216 1210 1241 et
1229 1210 1445 1249 Proserpina.
1484 1208 1609 1239 Tribus
1631 1207 1719 1238 enim
1735 1207 1785 1238 his

1086 1262 1317 1296 initiabantur,
1343 1260 1398 1299 qui
1424 1259 1586 1300 mysteria
1610 1257 1788 1288 Eleusiaca

1087 1311 1278 1350 capiebant.
1302 1309 1407 1340 Vides
1422 1309 1565 1339 Iacchum
1580 1308 1695 1338 horum
1711 1315 1788 1337 con-

1086 1360 1246 1391 tubernio
1271 1360 1384 1400 jungi,
1418 1360 1513 1390 velut
1545 1362 1711 1398 perpetuo
1740 1355 1789 1386 af-

1086 1409 1200 1448 fixum,
1215 1414 1249 1440 et
1267 1410 1402 1440 numine
1416 1409 1577 1439 Divarum
1593 1408 1685 1438 velut
1700 1417 1788 1438 com-

1088 1460 1297 1499 prehensum.
1334 1460 1377 1488 lit
1396 1459 1470 1498 quis
1488 1463 1538 1488 tot
1555 1459 1709 1488 Deorum
1726 1457 1788 1488 Ce-

1087 1508 1153 1539 reri
1181 1513 1216 1538 et
1240 1508 1312 1547 ejus
1337 1508 1512 1546 propagini
1539 1507 1678 1537 amicior
1703 1505 1788 1546 fingi

1085 1563 1143 1587 aut
1162 1558 1290 1597 gratior
1302 1557 1420 1587 sociari
1435 1557 1538 1596 possit
1551 1556 1686 1596 Libero,
1702 1565 1785 1596 pree-

1087 1608 1203 1638 sertim
1235 1607 1276 1637 ad
1310 1607 1513 1646 Nuptiarum
1546 1615 1702 1645 pompam
1734 1615 1787 1636 or·

1087 1657 1244 1694 nandani,
1263 1665 1358 1696 quam
1377 1656 1437 1686 iste
1454 1655 1599 1685 omnium
1616 1654 1785 1686 festivita-

1087 1712 1155 1738 tum
1174 1705 1369 1745 Choragus?

1129 1757 1234 1787 Laetus
1258 1755 1398 1796 procedit
1429 1755 1570 1795 Iacchus]
1598 1755 1784 1795 Virgilius:

1088 1807 1096 1823 ‘
1124 1806 1269 1837 Laetitiae
1300 1807 1456 1837 Bacchus
1488 1806 1598 1845 dator,
1636 1810 1671 1837 et
1701 1806 1786 1837 bona

1087 1856 1200 1888 Juuo.'

1132 1906 1292 1946 Procedit]
1317 1907 1473 1937 Pertinet
1490 1906 1530 1936 ad
1549 1915 1704 1946 pompam
1718 1915 1786 1936 me·

1089 1956 1179 1987 diate
1198 1958 1290 1987 velut
1307 1957 1428 1987 euntis.
1456 1956 1571 1986 Barth.

1133 2009 1170 2036 17
1200 2007 1321 2037 Crinali
1329 2006 1448 2046 flor-cns
1463 2006 1590 2046 hedera]
1616 2005 1707 2046 Apta
1723 2005 1787 2036 cri-

1088 2056 1198 2086 nibus.

1132 2107 1273 2146 Florens]
1285 2106 1449 2137 Ornatus.
1464 2105 1603 2136 Hedera
1612 2110 1723 2137 autem
1736 2115 1787 2136 or-

1088 2162 1280 2187 namentum
1295 2157 1433 2187 Bacchi.
1459 2157 1624 2186 Fortassis
1638 2157 1717 2197 quia
1731 2157 1787 2187 he-

1087 2207 1170 2237 dera
1186 2207 1290 2246 capiti
1308 2207 1465 2245 imposita
1486 2215 1589 2243 genus
1615 2205 1785 2245 quoddam

1087 2257 1276 2294 ebrietatis,
1299 2261 1335 2286 ut
1362 2260 1396 2286 et
1420 2255 1497 2285 vino
1525 2254 1709 2294 permixta,
1737 2254 1786 2284 in—

1087 2306 1192 2343 ducit,
1210 2312 1245 2336 ut
1265 2305 1481 2343 l’lutarclms,
1503 2305 1588 2334 libro
1612 2313 1667 2335 111.
1692 2306 1786 2345 Sym-

1087 2356 1296 2396 posiacorum
1315 2359 1471 2385 testatur.

1131 2405 1281 2435 Parthica
1299 2406 1378 2434 relat
1398 2403 1520 2442 Tigris]
1545 2404 1715 2443 Hyrcanae
1732 2404 1787 2435 'ri-

1085 2454 1189 2494 gridis
1219 2454 1316 2493 pellis
1334 2453 1558 2483 velamentum
1576 2452 1711 2483 Baccho
1729 2452 1786 2483 da-

1085 2510 1167 2535 tum.

1134 2554 1236 2592 Volat]
1274 2554 1352 2584 Non
1384 2562 1518 2592 prorsus
1553 2552 1676 2591 operit.
1707 2561 1786 2583 nam

1084 2603 1193 2642 Tigris
1226 2612 1291 2632 una
1322 2602 1420 2642 pellis
1455 2601 1547 2632 obire
1577 2606 1686 2632 totum
1719 2610 1786 2632 non

1089 2657 1216 2693 posset.
1240 2653 1358 2683 Barth.

1132 2704 1283 2735 Parthica
1301 2703 1420 2744 Tigris]
1442 2704 1544 2736 Victa
1560 2702 1660 2735 India
1682 2701 1785 2734 curri-
