1763 3116
460 152 684 184 ELEG1AM
719 152 782 182 DE
816 151 1062 183 PHOENICE.

39 246 148 287 lucris]
181 246 224 278 At
244 247 418 285 sortunatae
443 246 536 277 sortis
557 246 741 277 Vossianus

40 304 76 329 et
103 304 304 329 camerorum
333 306 408 336 pars
436 296 556 336 major.
604 296 739 327 Deinde

41 348 221 378 Vossianus
252 347 338 377 idem
356 345 485 387 filisque
512 347 741 387 roluc1·um:fi-

39 398 149 438 liisque
177 399 329 427 volucrum
359 396 535 426 Medic-eus
552 406 627 426 cum
658 396 740 427 Haf-

40 448 168 478 niensi:
204 448 345 486 natisque
370 447 506 476 volucris
529 447 636 477 editio
674 448 741 478 Ro-

40 506 164 527 mana:
193 496 337 536 felixque
367 495 498 526 volucris
532 496 738 528 Maeranius:

30 547 170 586 felixque
196 548 352 576 volucrum
379 546 445 577 duo
473 547 631 577 Vaticani
662 556 737 577 cum

39 596 259 626 Bartliolinio.
277 596 394 626 Scribe
411 607 417 626 :
444 596 665 632 Atsortunatoe
676 607 738 627 sor-

36 646 193 686 tisfilique
208 646 386 677 volucrem!
409 651 443 677 et
470 645 558 676 refer
586 647 626 677 ad
656 648 738 677 Par-

36 706 148 727 carum
167 697 271 728 filum.
318 697 405 727 Vide
427 702 589 728 annotata
605 698 645 728 ad
670 699 737 729 Na-

36 747 125 777 sonis
144 747 300 777 Hcro‘l'da
317 756 384 778 ΧΠ.
402 750 432 779 3.

82 799 140 827 163
168 797 303 827 meiuu
319 798 364 827 rel
380 808 443 828 mas
457 798 521 828 lzoec
537 800 581 829 rel
593 802 736 829 neutrum

34 847 75 877 sic
100 858 187 886 mag-e
205 848 305 888 felix]
332 849 438 880 Locus
462 849 603 880 mirifice
632 850 736 880 inter-

34 900 178 939 polatus.
226 901 369 930 Versum
393 902 546 931 mutilum
574 902 622 932 sic
644 903 736 932 exhi-

34 950 94 981 bet
119 951 315 989 Vossianus,
341 951 479 981 Faemina
505 962 557 982 seu
587 954 736 983 masculus

34 1004 77 1031 est
88 1009 140 1031 seu
156 1003 308 1031 neutrum.
354 1000 523 1040 Oxonius,
539 1002 680 1033 Foemina
692 1004 735 1033 sit

33 1054 86 1081 aut
102 1052 253 1081 masculus
265 1060 317 1081 seu
325 1049 414 1087 forte
436 1054 598 1086 neutuna,-
621 1062 732 1093 neque

35 1101 132 1131 aliter
160 1101 342 1132 Macrianus
369 1105 403 1131 et
432 1101 632 1140 Mcdiceus;
672 1102 733 1132 nisi

37 1152 125 1193 quod
155 1153 188 1183 in
216 1152 294 1192 illis,
330 1153 377 1183 vel
416 1154 589 1189 masculum
629 1153 732 1184 etiam

35 1202 233 1234 Hafnieusis
251 1208 285 1234 et
309 1204 396 1234 alter
412 1214 453 1234 ex
471 1205 571 1234 meis:
599 1204 657 1234 sed
676 1205 732 1235 ille

32 1256 240 1293 neutrumque,
258 1253 309 1284 hic
334 1256 495 1285 utrumve.-
520 1253 608 1284 unde
626 1254 732 1285 editio

35 1302 198 1341 Romana,
217 1303 354 1333 lfaemina
369 1304 410 1334 sit
428 1305 474 1334 cel
497 1305 648 1335 masculus
668 1305 733 1336 Izaec

30 1363 81 1383 seu
105 1352 249 1392 sorteque
276 1357 437 1385 neutrum.-
462 1365 547 1385 unus
573 1366 615 1387 ex
638 1358 733 1396 meis,

33 1404 171 1433 Hemina
200 1404 241 1434 sit
267 1414 318 1434 seu
347 1407 496 1435 masculus
509 1415 562 1436 seu
584 1408 628 1437 sit
644 1407 733 1443 sorte

31 1457 192 1483 neutrum:
215 1454 400 1485 Vaticanus
419 1456 525 1494 prior,
540 1457 679 1487 Faemina
690 1458 731 1487 sit

30 1505 77 1533 rel
88 1504 129 1534 sit
142 1505 289 1534 nuzsculus
302 1505 447 1542 seuforte
462 1509 621 1537 neutrum.-
645 1508 733 1538 alter

31 1555 229 1591 Vaticanus,
249 1555 360 1585 Forma
386 1555 428 1586 sit
449 1557 497 1586 rel
522 1558 671 1588 musculus
686 1560 731 1588 est

29 1609 81 1635 aut
98 1607 195 1636 nescio
205 1610 365 1637 neutrum:
390 1607 633 1648 Bartliolinius,
645 1610 731 1640 Mas-

30 1657 113 1685 culus
127 1666 167 1687 un
182 1656 246 1686 hac
260 1657 303 1686 sit
318 1658 366 1687 rel
374 1656 508 1695 foemina
518 1658 643 1696 fortene
659 1670 731 1690 neu-

29 1710 121 1738 trum.
169 1707 294 1738 Omnia
321 1707 481 1739 mendose
499 1713 534 1740 et
561 1709 603 1740 ab
628 1710 731 1741 inter-

29 1757 135 1797 polari
161 1768 270 1790 manu.
332 1760 378 1789 Ut
407 1759 546 1800 propius
573 1760 730 1791 Vossiani

30 1809 174 1839 omnium
207 1809 379 1840 veterrimi
417 1810 569 1851 vestigiis
599 1810 729 1842 insista-

28 1867 112 1897 mus,
125 1859 291 1890 excidisse
304 1865 380 1900 post
395 1859 432 1889 τὸ
442 1863 584 1891 neutrum
596 1859 639 1891 ob
652 1870 729 1901 cog-

28 1909 196 1940 nationem
226 1910 428 1950 syllabarum
451 1914 616 1951 utrumque
640 1912 728 1943 exis-

27 1959 130 1997 timo;
156 1966 191 1990 ut
215 1961 392 2000 scripserit
420 1962 631 2001 Lactantius,
655 1963 727 1993 Foe-

26 2008 120 2046 mina,
136 2019 185 2039 seu
203 2019 267 2039 mus
281 2010 357 2049 lzoec,
381 2020 431 2040 seu
447 2013 601 2050 neutrum,
616 2022 669 2042 seu
683 2013 727 2043 sit

24 2060 196 2098 utrumque.
242 2059 384 2090 Prorsus
399 2059 518 2090 eodem
533 2061 643 2101 modo,
660 2072 726 2102 quo

27 2107 115 2147 apud
150 2108 320 2138 Nasonem
353 2109 396 2139 de
433 2109 726 2150 Hermaphrodito

26 2158 255 2199 Metamorph.
293 2168 342 2190 tv.
376 2160 462 2191 ‘nec
491 2160 626 2192 faemina
657 2162 726 2193 dici

26 2209 101 2240 Nec
118 2219 202 2249 puer
228 2215 265 2240 ut
292 2211 398 2250 possit
416 2221 423 2241 :
446 2215 672 2253 neutrumque
690 2218 726 2245 et

24 2263 203 2301 utrumque
222 2260 382 2292 videtur.⁷
415 2261 455 2292 In
473 2263 650 2294 catalectis
668 2263 725 2294 Pi-

26 2310 167 2341 tlloeanis
197 2311 354 2352 antiquus
381 2312 483 2352 poeta
508 2313 620 2344 nescio
652 2314 724 2355 quis

24 2358 65 2390 de
78 2360 225 2400 Juliano,
241 2361 320 2392 dum
338 2363 466 2402 puellas
480 2364 634 2394 muliebri
650 2374 724 2395 ves-

25 2415 59 2441 te
91 2410 211 2441 induta
238 2417 393 2452 venatur,
421 2418 592 2444 castrato:
631 2415 725 2445 ‘1⁴'ae-

23 2459 114 2491 mina
140 2460 258 2500 virque
287 2461 390 2500 prius,
415 2472 476 2493 nec
501 2464 551 2493 vir
576 2473 638 2494 nec
664 2463 724 2495 fae-

24 2510 115 2541 mina
143 2520 230 2540 nuuc
256 2516 317 2541 est.
364 2512 418 2542 Fit
444 2519 601 2544 neutrum
629 2514 723 2545 credi

23 2558 158 2591 faemina
186 2560 263 2590 dum
293 2562 422 2592 voluit.'
465 2563 521 2593 Sic
548 2568 583 2593 et
606 2564 722 2604 Epita-

25 2610 104 2650 phio
121 2611 236 2641 culicis
255 2611 288 2641 in
317 2611 432 2643 iisdem
444 2613 632 2644 catalectis.
656 2613 724 2644 Au-

25 2661 136 2692 sonius
163 2661 328 2692 Mosella:
354 2663 490 2703 ‘Teque
507 2663 596 2693 inter
619 2665 721 2703 gemi—

24 2719 82 2742 nas
97 2710 227 2752 species
241 2715 464 2756 neutrumque
477 2717 512 2744 et
523 2717 722 2755 utrumque.¹

1380 149 1493 189 1747

793 246 868 277 Nec
907 246 1072 277 abludunt
1109 246 1166 278 illa
1210 247 1376 280 Nasonis:
1416 252 1425 267 ‘
1447 253 1493 284 Et

791 307 981 338 quanquam
1022 303 1151 337 neuter,
1187 298 1313 329 mixtus
1351 306 1493 341 uterque

791 348 908 378 color!
954 349 1027 379 Nec
1044 349 1163 379 dubito
1180 349 1416 388 cognationem
1441 352 1494 382 lit-

791 402 939 428 terarum
958 399 989 428 iu
1016 405 1158 440 utroque
1177 400 1238 430 lioc
1258 400 1420 431 vocabulo
1437 411 1492 433 oc-

790 449 959 480 casionem
983 449 1117 480 dedisse
1135 451 1382 491 corrumpendo
1400 452 1492 491 apud

791 498 988 529 Lucretium
1003 500 1088 538 loco,
1103 500 1157 541 qui
1170 500 1257 531 libro
1268 502 1386 542 quinto
1400 511 1493 532 men—

790 549 984 579 dosissimus
1002 561 1090 581 uunc
1108 551 1360 591 circumfertur,
1378 553 1447 583 sive
1464 553 1492 583 is

789 599 895 639 ipsius
909 606 962 631 est
990 602 1233 642 Lucretii,sive
1261 603 1303 633 ab
1327 604 1392 634 alio
1409 614 1492 645 quo-

790 662 887 692 quam
918 654 1119 693 inculcatus,
1135 655 1183 685 uti
1212 655 1395 686 Lambinus
1423 665 1490 687 non

789 701 957 733 immerito
974 705 1149 743 censebat,
1165 706 1222 745 qui
1248 706 1295 736 sic
1316 706 1424 737 edidit
1447 715 1490 738 ex

788 752 940 791 vestigiis
987 754 1258 785 membranarum
1273 767 1279 786 :
1326 756 1492 797 Androgy-

786 810 858 831 num
870 806 1022 842 neutrum,
1035 804 1116 843 iuter
1127 808 1302 845 utrumque,
1313 806 1350 836 ab
1362 809 1490 846 utroque

785 856 947 883 remotum.
973 853 1181 893 Giphanius:
1207 855 1432 897 Androgynum
1445 858 1490 887 in·

786 904 833 931 ter
849 906 936 933 uerus
949 913 1002 934 nec
1017 907 1145 944 utraque
1161 906 1314 945 utrimque
1328 911 1487 938 remotum.

787 951 904 981 Codex
923 954 1178 985 membraneus:
1204 955 1424 997 Amlrogynem
1441 958 1488 987 in-

786 1003 834 1029 ter
862 1004 950 1031 utras
980 1013 1034 1033 nec
1062 1007 1223 1044 utramque
1251 1009 1414 1046 utrumque
1438 1017 1487 1037 re-

785 1051 872 1081 moti.
919 1052 987 1083 Alii
1017 1054 1126 1085 aliter.
1162 1056 1262 1086 Forte
1277 1067 1284 1086 2
1320 1056 1487 1097 Androgy-

784 1109 841 1130 nen
856 1101 938 1131 inter
953 1106 1062 1134 neutra
1076 1107 1167 1144 atque
1183 1104 1220 1134 ab
1245 1109 1375 1144 utroque
1390 1115 1487 1136 remo-

784 1153 869 1181 lum:
905 1151 1030 1184 dicitur
1068 1155 1158 1185 enim
1194 1155 1401 1196 Ἀνδρογύνης
1434 1156 1486 1188 καὶ

784 1200 966 1241 ἀνδρόγυνος
978 1214 986 1242 ;
1010 1209 1045 1235 et
1056 1209 1150 1236 certe
1163 1206 1367 1238 membranae
1380 1207 1485 1238 etiam

783 1252 956 1283 Vossiana=
972 1254 1004 1284 in
1020 1255 1083 1285 hoc
1098 1256 1249 1286 Lucretii
1261 1257 1334 1287 loco
1365 1258 1486 1288 Andro-

780 1312 905 1342 gynem.
930 1304 1008 1334 Huc
1034 1304 1137 1343 refer,
1158 1316 1234 1346 qnae
1252 1306 1283 1336 in
1302 1308 1411 1338 veteri
1436 1308 1485 1338 in-

784 1356 970 1395 scriptione
986 1357 1027 1387 de
1041 1358 1126 1388 fiilia
1139 1359 1242 1389 Laelia
1255 1359 1379 1400 Crispi,
1393 1370 1482 1400 quae-

782 1415 846 1444 que
874 1407 963 1445 apud
993 1408 1216 1438 Claudianum
1246 1408 1287 1440 de
1318 1410 1484 1450 Eutropio

784 1461 976 1487 occurrunt.

828 1508 889 1535 166
917 1506 958 1536 Ut
971 1506 1069 1545 possit
1095 1508 1192 1547 nasci,
1217 1508 1282 1539 hoec
1298 1511 1417 1549 appetit
1433 1520 1481 1541 us·

782 1565 839 1594 que
855 1556 946 1596 mori]
970 1556 1011 1587 Τὸ
1033 1558 1097 1588 brec
1113 1558 1210 1589 abest
1227 1569 1245 1589 a
1260 1561 1397 1600 scriptis
1415 1571 1482 1592 om-

783 1606 901 1644 nibus;
927 1617 1009 1637 uuus
1025 1608 1209 1639 Vaticanus
1221 1610 1293 1649 ejus
1306 1611 1393 1649 loco,
1405 1621 1483 1651 quw,

781 1667 848 1696 quse
879 1658 1019 1697 appetit:
1056 1659 1143 1689 alter
1179 1660 1368 1691 Vaticanus
1406 1670 1483 1691 cum

781 1707 990 1738 Bartlioliuio
1004 1711 1039 1737 ut
1048 1708 1132 1739 nasci
1141 1710 1250 1749 possit,
1262 1711 1381 1750 appetit
1391 1722 1400 1740 .·
1423 1711 1482 1741 sed

780 1757 972 1798 hujusmodi
989 1759 1100 1789 hiatus
1128 1759 1238 1799 poetis
1268 1760 1368 1792 fuisse
1391 1760 1482 1792 fami-

779 1808 892 1849 liares,
909 1810 1097 1849 praesertim
1114 1810 1175 1841 sub
1192 1812 1379 1851 posteriora
1397 1816 1481 1843 tem-

780 1869 875 1900 pora,
893 1860 1046 1900 ignorare
1066 1871 1162 1892 nemo
1180 1863 1335 1903 equidem
1354 1869 1483 1903 potest,

779 1910 837 1950 qui
855 1910 1053 1941 Christianae
1071 1912 1204 1951 po'c'sios
1220 1912 1413 1943 conditores
1431 1913 1479 1943 di-

778 1960 926 2001 ligenter
953 1961 1100 1992 evolvit:
1127 1962 1232 2002 possis
1255 1963 1479 2001 nihilominus,

774 2011 917 2051 percupit
933 2022 1023 2051 usque
1037 2012 1126 2042 mori.
1160 2012 1268 2043 Paulo
1283 2018 1359 2052 post
1375 2013 1478 2044 etiam

777 2061 903 2101 malim,
922 2062 1045 2092 Nutria-
1061 2062 1128 2102 ipsa
1144 2063 1192 2093 sui
1215 2073 1344 2103 semper,
1356 2064 1479 2094 alumna

776 2111 838 2149 sui,
857 2121 929 2151 pro,
944 2113 1068 2142 alumna
1079 2112 1149 2142 sibi.

823 2164 882 2191 167
910 2162 992 2197 Quia
1009 2166 1038 2192 et
1062 2162 1130 2201 ipsa
1146 2171 1198 2192 nec
1219 2161 1287 2201 ipsa
1303 2163 1364 2203 est]
1399 2162 1478 2197 Quae

776 2220 830 2241 nec
846 2211 913 2248 ipsa
927 2215 972 2241 est
989 2211 1146 2242 mutilato
1163 2221 1263 2242 versu
1283 2212 1478 2250 Vossianus,

777 2270 852 2290 cnm
867 2270 932 2291 uno
949 2271 990 2291 ex
1015 2263 1106 2292 meiS.
1151 2261 1395 2301 Bartliolinius,
1410 2273 1478 2302 quoe

776 2313 821 2341 est
835 2311 903 2350 ipsa
921 2321 975 2342 nec
995 2312 1063 2351 ipsa
1078 2315 1133 2342 est.
1179 2312 1340 2343 Proximo
1357 2319 1477 2353 penta-

775 2367 885 2391 metro
912 2362 964 2392 vel
990 2361 1106 2391 invitis
1131 2361 1302 2393 codicibus
1330 2362 1476 2404 antiquis

775 2413 1020 2454 rescripserim,
1044 2413 1151 2444 mortis
1171 2415 1284 2455 adeptu
1312 2415 1385 2454 loco,
1410 2424 1474 2445 non

774 2462 861 2494 bono.

819 2565 960 2604 HABES,
975 2565 1173 2605 politissime
1192 2565 1303 2602 Walli,
1330 2575 1403 2605 qua?
1431 2564 1472 2593 ad

773 2617 972 2646 concinnum
1011 2625 1050 2646 ac
1098 2620 1277 2645 venustum
1303 2614 1473 2645 Lactantii

774 2664 977 2705 poematium
994 2666 1064 2705 jam
1082 2665 1160 2694 olim
1186 2664 1265 2694 milii
1293 2665 1471 2695 observata

771 2715 847 2747 huic
865 2716 993 2747 cliartae
1020 2714 1183 2746 illinenda
1208 2713 1301 2744 duxi.
1347 2712 1385 2742 Iu
1404 2713 1471 2752 ple-
