1763 3116
339 151 399 180 Dr:
436 147 596 179 RAPTU
634 144 956 175 PROSERPlNAE
991 146 1086 175 L113.
1122 147 1171 174 ΙΙ.

69 246 110 274 36
135 244 257 274 Cereris
271 242 385 283 proles]
421 237 621 275 Columella,
641 236 725 266 libro

29 302 63 325 x.
82 294 138 323 ubi
163 294 263 333 hujus
286 291 405 322 ssorum
432 287 586 318 lectionis
611 285 725 315 memi-

26 343 78 373 nit
98 341 302 372 suavissimis
319 337 483 374 versibus,
497 345 560 365 non
580 334 726 372 tumidis,

25 400 92 421 non
109 391 233 430 ineptis
251 400 258 419 :
291 388 357 418 ‘Et
375 395 449 426 quae
474 384 599 414 Sicanii
624 381 725 413 flores

24 440 153 480 legistis
181 437 310 474 Halesi,
339 437 424 466 Cum
452 434 586 465 Cereris
613 433 726 473 proles

25 490 144 521 vestris
172 489 302 518 intenta
325 485 463 517 Choreis
488 483 644 523 AEquoris
662 483 727 513 En-

25 539 90 570 naei
106 537 259 568 florentia
275 536 345 566 lilia
368 535 508 575 carpsit,
530 535 726 574 Raptaque,

24 587 153 619 Lethaei
163 586 288 626 conjux
300 595 377 617 mox
389 584 483 616 facta
495 583 650 624 tyranni,'
660 589 724 614 oze.

23 637 138 668 Barth.

67 691 108 718 39
133 688 252 726 Pallas,
268 688 294 717 si
311 686 464 727 clypeum]
487 685 542 716 Sic
557 685 670 717 Oxou.
691 689 727 715 et

23 738 109 777 Reg.
133 747 208 768 eum
239 747 304 768 uno
332 736 525 773 Vaticano;
549 735 725 766 concinne.

24 787 133 818 Paulo
153 792 229 828 post
255 786 507 817 distinctionem
530 785 635 815 etiam
650 794 726 815 cum

25 837 162 877 seriptis
188 837 400 867 mutavimus,
446 835 490 865 D.
511 834 622 865 Heius.

67 891 109 919 40
133 888 273 928 Iaspide]
302 888 421 918 Fibula
449 895 491 915 ex
516 895 556 916 ea
583 894 727 924 gemma.

25 938 184 969 Romanis
200 938 278 967 talis
294 937 416 967 crebro
434 935 516 966 usu.’
545 935 661 965 Barth.

67 989 108 1018 42
144 986 234 1016 Nulli
265 987 309 1016 sic
338 995 467 1016 consona
492 985 578 1024 telae]
623 985 726 1014 Nulloe

26 1037 149 1068 rectius
165 1036 263 1066 libri:
288 1040 324 1067 et
338 1035 465 1077 figuras
481 1034 636 1076 sequenti
653 1043 726 1064 ver-

27 1097 78 1119 su.
102 1088 146 1118 D.
162 1087 274 1118 Heius.

67 1141 108 1169 44
132 1136 341 1178 Hyperionio]
358 1136 536 1177 Hyperion
554 1139 652 1176 pater
666 1134 726 1166 So-

25 1188 77 1219 lis.
101 1188 217 1218 Barth.

68 1241 108 1269 45
136 1238 248 1268 Forma
272 1238 324 1268 sed
351 1237 472 1276 dispare
498 1234 635 1275 Lunam]
672 1235 728 1265 Ita

26 1297 87 1319 sex
125 1287 256 1326 scripti.
302 1287 386 1317 Mox
419 1286 552 1316 Auroroe
571 1285 728 1325 noctisque

24 1338 117 1376 vices,
134 1346 199 1368 non
217 1338 317 1374 duem,
333 1337 366 1366 in
383 1336 508 1366 multis.
540 1335 585 1365 D.
603 1334 715 1364 Heius,

70 1391 113 1419 <16
135 1387 282 1426 Aurorae]
295 1386 364 1416 Pro
379 1386 434 1415 die
447 1385 612 1415 Auroram
629 1383 728 1422 dixit,

28 1438 98 1469 sive
112 1437 201 1467 Sole.

73 1486 230 1516 Cunabula
249 1484 378 1525 Tethys]
403 1484 562 1514 Omnium
580 1483 728 1513 Deorum

27 1536 154 1567 nutrix.
179 1534 296 1566 Barth.

70 1589 110 1618 47
138 1585 280 1623 Infantes
307 1583 428 1624 gremio
451 1584 569 1614 solatur
594 1581 731 1622 anhelos]

29 1639 117 1670 Auiti
146 1648 238 1668 mens
269 1637 377 1674 liber;
402 1641 437 1666 et
467 1635 594 1676 placet.
625 1634 729 1665 Ovid.

29 1690 115 1720 Met.
131 1697 166 1720 x.
189 1691 197 1704 ‘
215 1687 341 1727 gremio
369 1687 614 1726 lacrymantem
641 1684 730 1714 tollit

30 1737 132 1769 anili.’
177 1737 307 1767 Seneca
324 1735 475 1766 Hercule
502 1734 636 1765 OEtaeo:
662 1733 730 1764 ‘A-

30 1788 106 1818 nilis
141 1788 204 1817 heu
231 1796 284 1817 me
317 1786 411 1826 cepit
438 1784 585 1816 Alciden
610 1783 729 1815 sinusl'

31 1838 112 1868 Mox
137 1837 282 1876 signatur
308 1839 445 1876 tempora
470 1834 618 1875 eleganti
634 1834 730 1865 Grae-

31 1887 135 1918 cismo
151 1891 295 1928 quatuor
311 1886 444 1917 codices
460 1895 468 1924 ;
493 1885 594 1925 vulgo
605 1885 729 1923 signan-

31 1939 92 1969 tur.
118 1939 164 1969 l).
183 1938 301 1969 Heius.

72 1991 114 2018 49
152 1987 278 2026 Titana]
312 1988 434 2017 Solem.
479 1985 662 2017 Petronius
689 1985 731 2015 de

32 2037 161 2077 Eelipsi
176 2037 280 2068 Solis:
306 2038 314 2053 ‘
333 2035 604 2067 Deformi'ritan
620 2036 732 2066 vultus

33 2088 176 2128 caligine
195 2087 304 2118 texit.’
329 2087 445 2117 Barth.

75 2141 116 2168 50
159 2136 412 2176 Pubescenlibus]
458 2135 733 2175 Elegantissime.

34 2187 156 2228 Capilli
173 2188 261 2217 enim
278 2187 375 2216 siniul
401 2185 615 2225 fingebantur
633 2184 734 2225 Apol-

33 2238 118 2277 linis,
133 2241 167 2268 et
184 2237 268 2267 radii
283 2241 381 2267 crant
398 2237 496 2266 Solis.
520 2236 618 2265 Idem.

77 2291 115 2319 51
144 2289 317 2318 Cristatuuz
344 2286 455 2325 radiis]
489 2286 577 2315 Talis
602 2288 674 2315 erat
701 2284 736 2315 fi·

34 2347 117 2377 gnra
143 2338 228 2367 Solis
257 2338 289 2367 in
315 2336 459 2376 picturis
483 2340 518 2365 et
542 2334 736 2365 fictionibus

36 2387 235 2428 priscorum.
284 2386 430 2416 Aiebant
456 2385 635 2415 duodecim
661 2394 736 2415 esse

36 2437 161 2473 radim,
198 2436 381 2466 secundnm
416 2445 544 2465 menses
576 2435 665 2473 anni,
702 2438 738 2464 ct

35 2487 136 2517 horas
153 2485 230 2514 diei.
260 2485 356 2515 Radii
373 2490 485 2515 autem
499 2484 553 2515 isti
570 2485 612 2515 ab
627 2484 738 2524 effigie

37 2536 121 2566 Solis
149 2540 315 2564 venerunt
341 2539 458 2574 postea
485 2534 525 2564 ad
552 2539 682 2565 statuas
704 2538 739 2565 et

37 2583 215 2623 imagines,
232 2583 296 2612 iino
313 2584 383 2622 ipsa
405 2583 519 2622 capita
542 2583 738 2623 Principum

39 2635 265 2665 Romanorum
292 2633 371 2662 nihil
396 2642 461 2663 non
485 2632 675 2664 divinitatis
691 2632 740 2663 af-

38 2683 253 2716 fectantium.
279 2683 373 2713 Idem.

124 2737 240 2777 Delph.
256 2740 285 2768 et
307 2736 380 2768 Var.
399 2736 482 2766 Clas.

706 2736 816 2767 Claud.

1366 135 1479 178 1649

818 239 858 266 53
903 236 1003 269 Vitrei
1032 236 1181 267 libamina
1211 235 1315 276 potat]
1352 237 1481 269 Lunam

777 286 871 325 pasci
902 295 976 317 rore
1004 296 1063 317 seu
1092 287 1230 316 humore
1258 286 1389 316 Oceani
1420 287 1478 317 ait.

777 335 872 367 Idem.

818 388 859 415 54
885 385 1002 425 Cornu]
1026 386 1176 416 Cornuta
1199 384 1289 415 enim
1312 384 1406 415 Luna
1421 383 1483 415 fin.

776 434 877 475 gitur.
901 435 998 466 Idem.

819 486 860 514 56
879 484 1010 525 Naides]
1032 484 1087 515 Sic
1105 483 1336 521 scribendum,
1353 492 1373 513 a
1389 483 1483 515 Nais.

778 534 929 565 Naiades
946 544 964 564 a
982 534 1085 565 Naias
1103 533 1395 575 quadrisyllabum
1418 537 1483 564 est.

777 585 859 614 Mox
879 584 1000 614 Crinise
1016 594 1091 616 cum
1108 583 1313 614 membranis
1327 582 1485 623 legimus,

778 644 844 665 non
863 635 1030 673 Crimnise,
1059 641 1115 665 aut
1147 634 1292 672 Erasine,
1315 633 1405 673 quod
1429 633 1485 663 alii

780 685 906 715 volunt.
938 685 1054 716 Graeei
1071 694 1205 726 qnoque
1223 684 1356 714 variant
1370 683 1403 713 in
1420 683 1484 715 hoc

777 734 928 765 nomine:
946 735 1117 776 plerisque
1131 740 1244 765 tamen
1259 733 1403 774 Κρίμισος
1420 737 1485 764 est.

779 786 823 815 Et
840 794 920 815 sane
937 785 1072 816 Servius
1090 783 1484 823 l.1.AEneid.Vii-gilium

781 834 937 865 Crinisum
954 844 1015 875 pro
1035 835 1167 865 Crimisa
1190 834 1329 865 licentia
1348 832 1486 874 poetica

777 882 904 914 dixisse
927 889 1044 915 notat:
1069 893 1131 914 nec
1155 884 1254 914 aliter
1283 883 1380 914 initio
1408 882 1484 913 AEn.

778 932 800 963 l.
817 941 851 963 v.
869 932 927 963 ubi
954 934 1046 963 loeus
1062 942 1160 973 quem
1190 933 1356 972 respexit,
1376 936 1487 970 extat,

777 981 811 1011 in
834 983 971 1021 optimis
994 982 1254 1022 veterrimisqne
1280 981 1486 1012 membranis

778 1031 957 1062 scribitur:
981 1032 1084 1062 etiam
1100 1031 1191 1070 apud
1212 1030 1385 1069 Hyginum
1401 1030 1486 1060 Fab.

777 1082 850 1111 274.
888 1080 989 1110 Vibio
1021 1081 1206 1120 Sequestro
1240 1080 1390 1110 Crunisos
1424 1083 1487 1119 est,

777 1130 950 1171 mendose,
980 1140 1041 1171 pro
1069 1130 1221 1160 Crimisos
1247 1129 1302 1160 vel
1333 1129 1487 1160 Crinisos.

777 1182 882 1212 Certe
913 1186 948 1212 et
980 1182 1014 1211 in
1053 1179 1306 1220 exemplaribus
1343 1179 1488 1210 Diodori

777 1231 881 1262 Siculi
897 1231 1068 1262 nonnullis
1095 1229 1269 1270 Κρηνισσὸς
1287 1229 1413 1269 legitur
1429 1229 1488 1261 lib.

780 1288 857 1311 xix.
896 1279 1053 1320 Κριμίσιος
1090 1289 1152 1319 pro
1190 1278 1335 1318 Κριμίσος
1373 1282 1489 1309 exstat

781 1330 872 1371 apud
902 1330 1113 1370 Antigonum
1143 1329 1293 1359 historiae
1326 1328 1489 1359 mirabilis

781 1389 810 1411 c.
830 1382 901 1411 145.
947 1381 1030 1410 Mox
1050 1379 1215 1410 Camerina
1235 1388 1299 1408 non
1320 1379 1489 1409 Camarina

781 1430 858 1460 libri
875 1430 1020 1470 antiqui,
1037 1433 1105 1459 tam
1123 1428 1178 1458 hic
1193 1438 1292 1468 quam
1306 1427 1396 1468 apud
1410 1429 1490 1458 Vir-

781 1479 897 1519 gilium
924 1489 964 1510 ac
995 1478 1173 1509 Ovidium:
1201 1478 1300 1508 aliter
1323 1477 1413 1517 apud
1437 1477 1489 1508 Si-

782 1529 876 1559 lium.
921 1528 1056 1559 Graecis
1075 1537 1211 1568 quoque
1240 1526 1399 1568 Καμαρῖνοι
1426 1533 1490 1560 est.

783 1579 830 1610 D.
847 1578 959 1609 Heius.

825 1632 865 1659 57
887 1628 1057 1668 Crimnise]
1081 1627 1265 1658 Verissime
1279 1627 1379 1667 hujus
1395 1626 1490 1658 fluvii

782 1688 905 1709 nornen
922 1678 975 1708 hic
991 1678 1144 1708 restituit
1162 1678 1213 1708 vir
1240 1687 1300 1708 suo
1318 1687 1392 1708 aevo
1411 1677 1490 1709 doc-

785 1728 932 1759 tissimus
948 1728 1055 1760 Janns
1076 1727 1285 1758 Parrhasius.
1308 1728 1427 1760 Barth.

829 1777 966 1817 Crinise]
983 1777 1038 1808 Sic
1055 1777 1177 1816 Virgil.
1192 1776 1324 1807 AEneid.
1341 1786 1375 1809 v.
1391 1776 1493 1807 Aces-

785 1833 842 1859 ten
858 1829 1008 1859 Siculum
1025 1827 1157 1858 Criniso
1173 1825 1309 1857 flumine
1333 1827 1416 1857 dicit
1434 1836 1492 1857 na-

784 1883 867 1909 tum.
910 1878 1037 1908 Tamen
1056 1882 1186 1907 veteres
1209 1877 1285 1906 libri
1302 1877 1369 1915 leg.
1389 1877 1493 1907 Crim-

784 1930 861 1967 nise,
879 1930 935 1970 qui
952 1934 987 1959 et
1004 1927 1123 1959 fluvius
1140 1927 1267 1958 Siciliae
1282 1933 1343 1958 est.
1370 1928 1494 1957 Clarer.

828 1983 869 2011 58
894 1978 1103 2018 Pantagiam]
1127 1978 1215 2009 Vide
1233 1978 1400 2018 Servium,
1417 1977 1493 2008 AEn.

787 2039 843 2062 111.
868 2030 983 2060 Barth.

829 2084 870 2111 60
896 2080 1023 2111 Aduena
1050 2079 1200 2120 Alpheus]
1231 2078 1417 2110 Notissima
1443 2075 1494 2107 fa-

786 2133 866 2163 bula
891 2131 1015 2172 Alphei
1031 2131 1124 2162 fluvii
1142 2130 1348 2161 Arethusam
1368 2128 1495 2159 Sieiliae

788 2181 917 2213 fontem
942 2181 1098 2220 amantis,
1123 2185 1158 2211 et
1185 2181 1265 2210 inde
1290 2179 1495 2209 intemerato

789 2232 922 2271 agmine
938 2241 1030 2262 mare
1060 2230 1341 2270 perambulantis,
1366 2233 1402 2259 ut
1418 2228 1494 2259 mis-

789 2287 908 2311 ceatur
925 2281 1023 2312 undis
1040 2281 1187 2311 ainasiae.
1212 2280 1311 2310 Idem.

831 2334 871 2362 61
912 2331 1033 2372 Cyane]
1067 2330 1154 2360 Vide
1183 2330 1358 2367 Ovidium,
1383 2328 1437 2359 lib.
1462 2337 1494 2358 v.

789 2381 797 2397 ‘
815 2382 911 2412 Inter
938 2380 1105 2412 Sicelidas
1132 2380 1247 2419 Cyane
1272 2379 1497 2411 celeberrima.

790 2430 991 2471 Nymphas!
1015 2431 1113 2461 Idem.

840 2484 881 2512 62
901 2482 1012 2516 Qualis
1034 2481 1256 2511 Amazonidum
1265 2480 1361 2520 peltis
1376 2480 1496 2510 exultat

790 2533 952 2573 ademptis,
968 2532 1034 2573 δῖα]
1060 2534 1202 2563 Frustra
1227 2541 1395 2573 reponere
1422 2535 1496 2560 ten-

791 2589 844 2614 tat
859 2584 930 2615 Jnl.
945 2584 1114 2623 Scaliger:
1143 2584 1255 2618 Qualis
1271 2581 1496 2613 Amazonidum

788 2635 899 2673 positis
913 2635 981 2673 agit
995 2634 1121 2673 agmina
1136 2634 1242 2673 peltis.

834 2684 936 2715 Pellis
959 2683 1101 2723 aduncis]
1122 2683 1178 2714 Sic
1204 2687 1349 2724 quatuor
1377 2677 1496 2718 scripti

1325 2737 1343 2763 ὅ
1368 2731 1405 2762 Μ
