1859 3148
350 106 459 146 1750
782 112 1038 144 aecensus
1072 112 1352 144 Eoi'rmNUM

400 208 556 253 excitat,
593 215 634 246 ut
652 220 715 244 sua
737 205 907 243 carmina
927 205 1014 242 velit
1040 206 1166 253 edere,
1198 221 1285 257 quae
1306 207 1520 245 Claudiano
1548 207 1792 257 adjecturmn

401 285 438 309 se.
469 271 586 309 fuisse
605 272 668 315 ait,
699 271 727 306 si
747 270 893 305 exorari
926 269 1092 317 Pajellus
1112 273 1308 320 potuisset.
1365 272 1423 309 De
1445 271 1660 310 Claudiano
1689 272 1795 309 nibil.

405 337 445 372 ln
468 337 537 372 liae
558 335 649 372 edit.
681 333 949 370 desiderantur
982 334 1157 371 Carmina
1187 335 1330 385 majora
1350 336 1489 379 onmia,
1521 348 1683 385 quorum
1704 334 1795 372 nihil

402 399 438 435 in
465 400 540 435 suis
573 397 675 433 libris
708 396 843 433 habuit
876 397 1075 434 Celsanus.
1133 398 1247 436 Libro
1277 399 1326 436 de
1355 400 1461 437 Bello
1493 398 1702 438 Gildonieo
1734 398 1795 435 liic

397 462 528 499 titulus
548 460 727 509 ponitur:
760 464 769 479 ‘
790 461 832 496 In
854 460 1038 498 Rufinum
1058 461 1153 498 liber
1175 464 1260 499 111!

345 523 706 576 [l-tf)...Ludovieus
728 524 910 561 Ponticus
932 525 1110 562 Virunius
1132 525 1232 563 circa
1254 525 1367 563 finem
1389 527 1520 564 saeculi
1544 538 1620 564 xv.
1641 526 1677 562 in
1699 524 1793 562 urbe

400 586 578 635 Regiensi
598 587 776 637 (Reggio)
798 587 1008 636 explicavit
1040 594 1079 624 et
1112 587 1277 637 primum
1309 591 1416 638 quasi
1451 589 1670 640 propinavit
1692 589 1794 625 Italis

399 650 669 688 Claudianum.
729 651 828 688 Hinc
858 651 955 688 forte
984 657 1055 696 est,
1085 651 1189 701 quod
1225 653 1366 701 passim
1399 653 1490 691 editi
1523 655 1571 691 ab
1599 654 1662 690 illo
1681 653 1797 691 Clau·

398 714 500 751 diani
535 715 763 751 mentionem
802 714 951 752 faciunt
989 714 1056 750 viri
1084 714 1204 759 docti,
1233 717 1426 753 Gesnerus
1464 716 1500 752 in
1540 716 1794 759 Bibliotheca,

400 778 595 823 Barthius,
633 778 827 816 Heinsius.
883 778 959 815 Sed
998 791 1111 814 nemo
1146 791 1185 815 se
1221 777 1360 816 vidisse
1398 778 1493 816 dicit
1526 791 1637 828 opus,
1685 791 1796 815 nemo

401 842 543 884 locuni,
566 854 720 886 annum,
743 841 1029 892 typographum
1049 840 1207 879 indicat.
1265 843 1407 887 Verbo,
1439 842 1592 880 videtur
1612 842 1734 879 omnis
1752 855 1797 879 ea

400 904 580 942 memoria
601 904 732 941 deberi
763 905 950 953 Catalogo
970 904 1201 953 scriptorum
1224 905 1305 950 viri,
1328 906 1528 943 maximam
1562 912 1708 956 partem
1742 905 1797 942 iu-

398 968 602 1012 editorum,
623 981 737 1017 quem
759 969 848 1006 vitae
870 968 967 1005 illius
990 968 1152 1005 intexuit
1170 969 1343 1007 Andreas
1365 969 1553 1015 [Ibaldus‚
1575 983 1663 1007 cum
1685 969 1797 1017 cujus

398 1044 528 1069 sorore
549 1031 642 1069 vixit
665 1032 874 1072 Ponticus:
907 1031 1009 1069 unde
1037 1046 1105 1069 sua
1128 1033 1278 1082 repetiit
1355 1033 1533 1070 iceronus
1554 1034 1603 1070 T.
1627 1043 1730 1072 vlit.
1754 1045 1793 1082 p.

399 1100 462 1139 39.
521 1096 616 1132 Ilaec
639 1096 869 1144 Gesnerus.]

351 1164 447 1203 1493
481 1158 659 1207 Princeps
678 1160 809 1204 altera,
843 1160 1054 1196 Parmensis
1078 1171 1121 1203 1.,
1147 1158 1349 1195 emendata
1371 1171 1440 1206 per
1457 1157 1673 1195 Thadaeum
1695 1157 1798 1207 Ugo-

397 1221 529 1264 letum,
547 1222 728 1270 impressa
747 1234 812 1269 per
829 1222 1017 1270 Angelum
1041 1221 1260 1270 Ugoletum,
1282 1227 1320 1258 4.
1344 1222 1563 1258 Memorant
1584 1222 1669 1259 Cat.
1692 1222 1795 1259 Bibl.

398 1297 477 1332 reg.
511 1283 630 1320 Paris.
665 1290 703 1320 et
733 1284 941 1328 Maittaire‚
977 1290 1054 1321 cet.
1112 1285 1208 1321 llaec
1229 1290 1289 1321 est
1308 1285 1430 1333 prima
1451 1285 1620 1322 recensio
1642 1286 1796 1323 Critica.

396 1347 496 1383 Usus
514 1345 595 1382 scil.
617 1352 673 1383 est
693 1346 820 1383 Codd.
855 1346 1038 1396 antiquis,
1074 1346 1244 1398 inprimis
1271 1347 1530 1384 vetustissimo
1547 1361 1566 1385 e
1587 1349 1798 1385 Germania

397 1408 444 1446 ad
465 1408 731 1458 corrigendum
751 1415 790 1446 et
809 1409 1059 1459 explendum.
1116 1410 1279 1447 Addidit
1299 1416 1337 1447 et
1357 1411 1428 1447 alia
1447 1411 1630 1455 carinula,
1653 1424 1739 1461 quar
1761 1412 1796 1447 in

395 1472 582 1521 superiori
603 1474 665 1510 ed.
691 1486 766 1510 non
795 1479 916 1510 erant.
976 1474 1045 1510 Est
1072 1472 1188 1522 igitur
1220 1473 1302 1510 liaeo
1336 1486 1420 1510 vere
1455 1473 1632 1523 princeps
1664 1474 1795 1511 editio.

395 1536 561 1573 Volebat
592 1537 781 1586 Ugoletus
815 1544 851 1574 et
886 1537 1040 1574 alterius
1072 1537 1277 1574 Claudiani
1311 1550 1427 1585 opera
1458 1537 1622 1573 addere:
1654 1537 1720 1574 sed
1749 1538 1797 1574 ad

396 1600 541 1648 Regem
563 1600 693 1649 Ilung.
717 1591 919 1637 Mattliiain
942 1609 1102 1638 vocatus
1123 1601 1293 1649 abjicere
1313 1600 1516 1637 consilium
1545 1606 1705 1637 coactus
1725 1608 1796 1637 est.

347 1667 444 1707 1495
478 1663 623 1699 Veneta
646 1674 696 1700 11.
719 1663 887 1713 Ugoleti,
909 1663 1100 1713 impressit
1120 1665 1181 1702 J0.
1202 1663 1250 1701 de
1269 1663 1445 1707 Tridinm
1473 1663 1565 1700 alias
1585 1664 1796 1710 Tacuinus,

395 1731 430 1763 4.
455 1726 651 1764 Laudatur
670 1727 706 1763 in
729 1726 855 1764 Catal.
873 1727 973 1764 Bibl.
995 1727 1146 1764 llarles.

346 1788 446 1833 1496
476 1790 677 1827 Vicentina
700 1801 750 1827 11.
770 1790 938 1835 Celsani,
956 1790 1023 1827 fol.
1044 1790 1242 1827 Laudatur
1263 1789 1481 1833 Maittario;
1503 1790 1564 1828 sed
1580 1803 1600 1827 a
1621 1790 1796 1829 Fabricio

394 1854 431 1890 in
454 1853 515 1891 ed.
539 1860 611 1891 vet.
632 1853 728 1891 falso
749 1853 797 1890 ad
818 1867 879 1891 an.
904 1860 1018 1898 1498.
1040 1854 1212 1891 refertur.

346 1922 446 1955 1500
474 1918 619 1955 Veneta
643 1928 712 1955 111.
734 1918 903 1968 Ugoleti,
940 1919 1123 1969 impressa
1154 1931 1224 1968 per
1257 1918 1480 1968 Cliristopli.
1513 1917 1561 1955 de
1586 1919 1735 1964 pensis,
1758 1926 1794 1956 4.

395 1981 518 2031 Cujus
551 1983 772 2032 exemplum
806 1983 941 2021 habuit
973 1984 1063 2020 clar.
1097 1984 1134 2021 J.
1170 1985 1217 2020 A.
1248 1982 1412 2027 Ernesti,
1442 1988 1479 2020 et
1509 1982 1642 2020 laudat
1672 1983 1797 2020 Catal.

394 2045 494 2082 Bibl.
518 2047 668 2084 Harles.

340 2128 392 2136 --
420 2109 634 2146 Mediolan.
658 2121 687 2147 1.
709 2108 919 2146 Parrhasii:
951 2109 1010 2147 Cl.
1030 2110 1236 2148 Claudiani
1259 2111 1407 2160 Raptus
1442 2110 1682 2160 Proserpinae
1702 2125 1735 2149 c.
1757 2125 1794 2149 n.

390 2171 476 2209 Jani
496 2172 699 2209 Parrhasii.
734 2173 799 2211 sol.
833 2172 926 2220 (vid.
956 2173 1039 2210 Jos.
1075 2176 1166 2210 Ant.
1199 2174 1304 2210 Saxii
1335 2174 1420 2210 liist.
1454 2173 1792 2223 lucratio-typogr.

394 2235 558 2273 Mediol.
581 2249 667 2285 pag.
684 2235 927 2283 fios—(512.)
983 2237 1115 2274 Habet
1129 2238 1211 2274 haec
1231 2237 1292 2275 ed.
1310 2238 1508 2287 epistolam
1540 2240 1586 2274 A.
1607 2237 1694 2274 Jani
1713 2239 1800 2275 Pra-

391 2299 509 2337 rhasii
529 2299 575 2336 ad
599 2300 642 2337 C.
665 2301 920 2338 Catullianum
942 2301 1100 2339 Cottam
1124 2301 1451 2338 Mediolanensem
1473 2301 1692 2351 patricium,
1716 2302 1799 2338 Me-

392 2361 535 2400 diolani
558 2374 637 2400 vll.
660 2365 824 2401 Kalend.
847 2365 1047 2402 Januarias
1069 2365 1266 2413 scriptam.

342 2430 441 2463 1505
474 2426 636 2464 Mediol.
671 2438 721 2463 11.
746 2428 935 2464 Parrhasii
955 2428 1114 2473 auctior,
1134 2427 1197 2466 fol.
1221 2430 1279 2465 De
1303 2434 1415 2478 raptu
1437 2428 1678 2478 Proserpinae
1699 2441 1734 2467 c;
1757 2428 1794 2466 J.

391 2490 581 2528 Parrhasii
601 2491 861 2527 Commentar.
895 2491 1101 2540 Sequitur:
1137 2492 1326 2542 Apologia
1343 2492 1430 2530 Jani
1451 2499 1584 2529 contra
1601 2493 1794 2530 obtrecta-

392 2560 495 2591 tores
515 2567 584 2604 per
606 2554 758 2591 Furium
782 2555 930 2592 Vallum
960 2555 1190 2593 Echinatum
1212 2556 1297 2605 ejus
1328 2556 1559 2593 auditorem.
1586 2556 1700 2606 impr.
1731 2569 1797 2605 per

391 2618 451 2654 Jo.
473 2618 609 2670 Augel.
643 2618 920 2664 Scinzeuzeler‚
956 2619 1027 2656 sub
1048 2619 1230 2670 impensis
1248 2620 1310 2658 Jo.
1330 2619 1472 2658 jacobi
1516 2626 1554 2657 et
1574 2619 1732 2658 fratrum
1754 2619 1800 2655 de
