1859 3148
358 130 474 175 1682

361 247 417 270 nec
431 235 558 277 scopuli.
597 230 758 273 Sequenti
773 236 870 258 versu
887 229 986 256 terras
1002 232 1063 264 pro

361 289 448 329 ripas
473 286 569 328 prim.
586 282 743 314 Vatican.
768 282 803 308 et
829 275 987 306 Ambros.
1018 274 1062 304 D.

366 339 476 371 Heius.

408 390 533 421 Littera
549 382 656 421 Nuda]
668 377 821 418 Scopulis
838 380 873 407 et
884 375 1066 406 munimen-

364 441 410 473 tis
438 436 658 470 naturalibus.
715 431 837 461 Potest
868 432 903 458 et
928 425 1066 457 flumina

364 489 567 527 intelligere,
583 492 656 524 quae
671 490 746 511 cum
762 477 909 518 scopulis
925 481 959 506 et
976 485 1066 506 mon-

366 540 455 571 tibus
468 535 583 567 evulsa
598 540 674 562 mox
692 529 753 559 ait.
782 527 896 557 Bar-tlt.

408 590 449 618 66
465 583 639 616 AEmonium
651 577 805 621 prtcduris
820 576 938 607 viribus
953 573 1066 614 OEten]

366 635 506 677 Rupibus
518 632 649 664 Buslid.
662 630 759 660 bene.
781 625 956 657 AEmoniam
971 624 1067 664 prim.

366 687 523 718 Vatican.
548 687 583 713 et
611 680 665 711 alii
689 677 858 713 nonnulli;
883 674 971 715 quod
990 681 1067 712 per-

365 745 483 778 peram
496 737 633 764 secutus
648 725 911 768 Raphelengius.
935 722 1067 753 Graecis

366 787 455 819 enim
482 790 551 816 tani
573 782 666 817 Οἴτης
681 788 779 820 quani
805 776 894 812 Οἴτη.
927 773 1069 813 Stepha-

367 848 442 877 nus,
471 836 566 872 Οἴτης
590 832 659 872 ὅρος
686 828 754 869 περὶ
783 827 929 867 Τραχῖνα.
967 822 1069 853 ovid.

367 890 455 921 Met.
474 895 525 918 lx.
558 886 567 902 ‘
587 881 818 922 Implevitque
836 876 902 907 suis
918 882 1070 905 nemoro-

368 949 440 971 sum
467 935 607 968 vocibus
627 929 763 963 OEten:'
789 932 824 958 et
847 935 944 957 mox:
969 925 978 940 ‘
998 932 1071 963 per-

368 999 435 1031 que
451 988 556 1019 altum
573 983 706 1015 saucius
729 980 831 1011 OEten
854 975 954 1007 Haud
972 974 1072 1004 aliter

371 1035 547 1080 graditur!
584 1033 639 1064 Sic
657 1031 746 1062 enim
763 1033 906 1067 utroque
923 1025 999 1055 loco
1016 1032 1072 1053 an-

370 1086 575 1129 tiquissimus
600 1082 719 1113 codex.
767 1079 898 1108 Seneca
922 1073 1072 1105 Hercule

370 1139 544 1170 Furente:
576 1134 585 1150 ‘
603 1133 701 1163 Titan
726 1136 890 1159 summum
908 1123 1072 1164 prospicit

372 1185 500 1220 OEtan.’
530 1183 599 1214 Ubi
613 1178 832 1218 Mogontinus
849 1175 975 1206 codex:
993 1182 1072 1203 sunz-

370 1233 582 1277 moprospicit
600 1232 690 1261 OEla.
719 1229 765 1258 D.
784 1225 902 1256 Heins.

415 1288 455 1316 67
480 1283 545 1313 Hic
561 1280 642 1318 J'uga
668 1274 822 1313 connixis]
852 1271 990 1303 Rectius
1016 1271 1073 1301 alii

370 1332 530 1366 connexis.-
545 1328 695 1360 connixus
709 1324 806 1363 prim.
819 1321 977 1352 Vatican.
993 1329 1073 1350 non-

371 1383 455 1415 nulli
470 1379 624 1412 convexis.
650 1375 757 1406 Idem.

414 1434 456 1463 09
481 1428 584 1461 Hebri
605 1436 675 1458 cum
689 1422 798 1462 fonte]
821 1420 968 1453 Nomina
982 1420 1074 1450 loco-

371 1492 447 1514 rum
463 1479 710 1518 fluviorumque
721 1472 847 1505 nemini
857 1476 936 1502 suut
948 1471 1073 1511 ignota.

374 1531 492 1564 Barth.

418 1582 498 1612 Cum
518 1579 612 1618 ponte
633 1572 769 1612 revellit]
799 1572 893 1603 Bene
914 1570 1074 1600 Pulman-

373 1629 547 1668 nussonte.
592 1624 769 1656 Palatinus
783 1624 907 1661 sponte:
930 1619 964 1650 in
982 1618 1076 1649 Oise-

372 1681 462 1712 liano
479 1688 498 1709 a
513 1684 614 1722 manu
639 1671 788 1705 secunda
807 1680 874 1701 cum
896 1671 998 1710 parte.
1028 1668 1075 1699 D.

374 1730 493 1762 Heius.

417 1784 459 1812 70
476 1778 596 1818 Socias]
618 1776 696 1807 Uno
715 1783 810 1805 amne
827 1770 1015 1802 defluentes
1031 1770 1079 1800 in·

375 1830 536 1870 ἵει-πυρὴ,
551 1828 664 1859 evulso
680 1824 792 1855 medio
808 1824 893 1853 loco.
916 1821 1034 1851 Barth.

419 1882 602 1921 Summaque
618 1876 748 1915 levatas]
777 1876 904 1906 volutus
919 1882 994 1903 cum
1013 1872 1077 1903 Pa-

377 1931 491 1963 tavino
508 1929 632 1960 malim.
661 1929 704 1958 D.
725 1926 837 1957 Heius.

418 1984 459 2012 72
483 1978 646 2019 Subsedit]
680 1975 822 2008 Subsidit
845 1983 920 2005 cum
938 1972 1026 2004 Aldo
1043 1975 1079 2003 et

377 2031 514 2070 scriptis
533 2028 746 2070 quibusdam.
773 2024 871 2054 Idem.

420 2081 494 2111 Sine
528 2076 673 2115 culmine]
719 2073 893 2105 Montibus
932 2071 1078 2112 undique

376 2130 497 2169 vorsis,
513 2129 650 2165 evulsis,
666 2129 700 2156 et
717 2122 905 2154 abstractis.
929 2121 1045 2151 Barth.

421 2182 462 2211 74
487 2179 517 2209 It
539 2176 669 2215 fragor]
705 2175 800 2211 Lego
814 2172 878 2213 fit.-
910 2171 959 2201 sic
977 2180 1079 2210 supra

377 2230 385 2247 ‘
403 2228 442 2260 fit
458 2226 581 2260 sonus!
615 2224 714 2255 Ovid.
733 2224 817 2253 Met.
839 2231 864 2251 1.
910 2221 918 2237 ‘
936 2220 991 2250 Fit
1016 2219 1080 2249 fra-

379 2287 452 2319 gor,
476 2282 513 2308 et
541 2276 635 2306 densi
666 2273 854 2304 funduntur
879 2269 922 2300 ab
952 2270 1078 2300 aethere

378 2327 506 2361 nimbi!
529 2327 605 2357 Val.
625 2326 764 2355 [flaccus
783 2321 839 2352 lib.
857 2330 881 2350 1.
913 2321 922 2336 ‘
942 2319 996 2349 Fit
1014 2318 1079 2348 fra-

379 2389 453 2420 gor.
469 2379 660 2416 irrumpunt
681 2372 790 2403 sonitu
812 2370 867 2411 qui
882 2378 978 2398 sacra
994 2368 1079 2397 fere-

378 2429 464 2460 bant
489 2424 659 2466 Imperial
682 2423 754 2453 Lib.
782 2430 812 2450 v.
848 2422 856 2436 ‘
876 2419 931 2448 Fit
955 2416 1081 2456 fragor,

365 2480 547 2511 ‘aetbereas
573 2487 637 2507 ceu
664 2475 801 2513 Jupiter
832 2471 954 2501 arduus
986 2477 1080 2498 arces

380 2528 583 2571 Impulerit!
630 2527 711 2557 Mox
742 2522 852 2553 malim
883 2518 1077 2550 disterminat

382 2580 449 2620 α’έν,
465 2589 526 2619 pro
542 2576 744 2608 discriminat.
770 2574 815 2603 D.
835 2571 952 2601 Heins.

448 2630 569 2669 Pugna·
607 2625 744 2667 spacium
783 2621 974 2653 discriminat
1011 2619 1081 2659 abr]

383 2679 502 2724 Dicat,
530 2683 625 2721 puto,
646 2685 714 2708 non
743 2678 884 2715 tangere
913 2670 1080 2712 Gigantes

543 138 686 171 NOTAE
718 130 984 166 VARIORUM
1017 128 1069 159 IN
1103 127 1176 158 01..
1206 125 1389 157 CLAUD.
1422 123 1628 156 xxxvu.

1115 222 1266 252 Deorum
1285 220 1393 257 sedes,
1409 217 1452 249 ob
1475 214 1674 247 interfusum
1689 212 1819 245 aerem.

1117 271 1232 302 Barth.

1159 325 1199 352 80
1219 322 1287 356 Qua
1302 323 1390 360 parte
1402 317 1535 356 volutus]
1560 317 1650 356 Lege
1656 315 1725 356 fine
1737 322 1815 345 cum

1118 371 1205 402 Aldo
1227 377 1261 402 et
1289 370 1483 401 melioribus
1510 366 1666 406 scriptis:
1701 368 1736 394 et
1757 362 1818 394 adi

1120 432 1194 462 quae
1212 421 1302 451 curis
1320 419 1481 450 secundis
1507 416 1548 447 ad
1579 414 1724 446 Nasonis
1740 413 1815 444 Me-

1120 471 1348 511 tamorphoses
1376 475 1543 503 notamus,
1570 474 1603 497 x.
1629 467 1702 495 536.
1746 463 1817 494 Pro

1118 525 1221 552 ternas
1237 531 1313 552 mox
1334 521 1434 550 trinas
1451 520 1579 560 aliquot
1606 514 1748 556 antiqui.
1772 514 1818 546 D.

1121 573 1232 602 Heius.

1162 624 1202 651 82
1229 621 1342 651 Ternas
1357 619 1490 657 animas]
1524 619 1680 648 Duorum
1701 611 1818 654 angui-

1119 681 1195 701 um:
1221 670 1315 700 unius
1332 669 1488 709 gigantis.
1512 666 1627 697 Barth.

1163 723 1203 751 83
1230 720 1312 750 Tunc
1329 728 1405 758 puer
1419 717 1584 756 insultans]
1617 712 1820 745 Concinnius

1121 770 1221 801 modo
1240 771 1368 809 legam:
1403 768 1488 798 Tunc
1502 764 1746 805 superinsaltans
1757 761 1822 792 avi-

1121 823 1158 851 do
1173 819 1355 858 languentia
1370 827 1460 849 curru
1477 816 1618 847 Membra
1634 813 1721 844 terit.
1743 811 1822 842 Avi-

1121 872 1175 901 dos
1199 870 1284 900 dicit
1308 867 1432 899 Martis
1454 875 1567 906 equos,
1583 869 1620 894 ut
1648 869 1820 903 praesagos

1121 920 1291 958 Plutonis,
1308 919 1341 949 in
1359 919 1483 957 Raptu.
1509 917 1606 946 Idem.

1164 971 1247 1001 Tunc
1271 968 1511 1009 superinsultans
1537 965 1645 995 aridas
1674 964 1821 1001 languen-

1120 1021 1167 1052 tia
1183 1031 1274 1051 curru
1293 1018 1432 1050 Membra
1445 1015 1536 1055 terit]
1562 1015 1698 1055 Legam,
1715 1013 1741 1042 si
1759 1021 1822 1053 per

1122 1071 1226 1102 libros
1244 1074 1379 1100 veteres
1396 1068 1509 1104 liceat,
1532 1066 1618 1095 Dum
1638 1062 1823 1102 super-insul-

1121 1125 1190 1152 tans
1205 1120 1313 1159 rapido
1327 1127 1439 1148 curru:
1463 1115 1561 1155 prim.
1584 1113 1696 1142 Vatic.
1713 1120 1823 1142 cursu:

1123 1170 1294 1205 Barthius,
1335 1168 1419 1197 Dum
1457 1163 1698 1204 superinsultans
1732 1161 1823 1192 avido

1123 1229 1227 1258 carra,
1243 1222 1280 1248 ut
1303 1216 1475 1247 referatur
1499 1213 1540 1243 ad
1568 1210 1824 1251 subsequentia,

1122 1269 1131 1285 ‘
1150 1267 1299 1298 occurrit
1329 1275 1390 1307 pro
1425 1263 1533 1295 fratre
1569 1261 1693 1292 Mimas
1707 1260 1728 1291 ι’
1765 1259 1825 1291 ubi

1122 1317 1237 1348 malim
1253 1315 1411 1347 Accurrit.
1437 1315 1480 1345 D.
1494 1312 1612 1344 Heins.

1166 1371 1205 1399 84
1231 1368 1426 1407 Multumque
1439 1368 1516 1396 rotae
1530 1371 1668 1404 sparsere
1692 1360 1825 1402 cruoris]

1124 1420 1178 1450 Sic
1196 1419 1293 1459 prim.
1324 1417 1532 1447 Vaticanus:
1563 1423 1699 1445 cruorem
1721 1416 1823 1443 caete-

1124 1471 1173 1507 ri;
1198 1468 1337 1498 frustra.
1371 1467 1497 1497 Lucan.
1514 1474 1563 1496 1v.
1588 1465 1598 1481 ‘
1614 1463 1826 1502 multumque

1125 1518 1254 1550 cruoris
1270 1515 1432 1547 Infudere
1455 1515 1538 1546 mari
1552 1514 1570 1544 :’
1593 1516 1709 1553 posset
1725 1516 1760 1542 et
1780 1511 1827 1542 le-

1127 1569 1178 1608 gi:
1213 1568 1386 1607 sulcumque
1416 1568 1494 1595 rotae
1524 1571 1660 1603 sparsere
1696 1560 1826 1591 cruoris.

1125 1618 1232 1651 Idem.

1169 1672 1207 1698 85
1235 1665 1365 1705 Mimas]
1405 1663 1508 1704 Gigas
1540 1671 1607 1693 non
1643 1659 1825 1692 incelebris

1128 1719 1258 1750 Poetis.
1283 1717 1399 1748 Barth.

1170 1769 1376 1807 Lemnumque
1390 1763 1552 1803 calentem]
1582 1763 1750 1793 cadentem
1765 1761 1829 1793 Lu-

1128 1828 1219 1849 cenS.
1236 1824 1271 1848 et
1287 1817 1386 1857 prim.
1403 1815 1514 1846 vatic.
1538 1814 1582 1845 D.
1600 1813 1713 1844 Heins.

1171 1870 1212 1897 86
1235 1867 1316 1897 Lare
1338 1864 1479 1903 Volcani]
1508 1862 1651 1903 Aliquot
1674 1862 1743 1901 ejus
1756 1859 1828 1892 offi-

1129 1919 1220 1950 cinas
1251 1917 1441 1948 notavimus
1469 1924 1581 1954 supra.
1630 1913 1829 1943 Relevatum

1128 1978 1164 2000 os
1198 1968 1282 1998 dicit
1312 1967 1442 1998 vultum
1473 1963 1642 2004 Giganfis,
1668 1962 1829 1992 nudatum

1129 2017 1319 2049 elevatione
1335 2016 1367 2046 in
1379 2015 1508 2055 jactum
1527 2013 1655 2043 insulae.
1681 2010 1830 2048 Fluvios,

1129 2069 1270 2105 insulas,
1294 2071 1441 2105 montes,
1465 2062 1648 2105 jactabant
1668 2060 1831 2100 anguipe-

1130 2117 1187 2148 des
1205 2117 1271 2148 isti.
1298 2115 1410 2147 Barth.

1171 2172 1212 2199 88
1235 2168 1319 2199 Ante
1340 2163 1489 2203 revelato]
1525 2161 1592 2192 Alii
1606 2162 1737 2190 relevato
1751 2168 1828 2190 cum

1130 2218 1219 2249 Aldo
1230 2222 1264 2248 et
1281 2217 1423 2247 Lucens.
1439 2213 1505 2243 dno
1521 2212 1707 2241 revelatum:
1732 2209 1820 2248 prim

1129 2267 1245 2297 Vatic.
1269 2266 1348 2296 velut
1377 2265 1463 2293 tuto:
1495 2261 1561 2290 duo
1591 2260 1645 2290 alii
1678 2258 1828 2298 ejusdem

1130 2316 1361 2350 bibliothecae,
1377 2314 1529 2343 relaturo:
1556 2320 1639 2340 unus
1654 2309 1828 2340 Medicens

1130 2365 1288 2396 celebrato.
1314 2364 1403 2402 Lego
1418 2362 1581 2392 terebrato.
1600 2359 1720 2397 virgil.
1735 2361 1744 2374 ‘
1760 2358 1828 2388 telo

1132 2417 1242 2446 lumen
1258 2414 1469 2444 terebramus
1487 2409 1607 2441 acuto.’
1640 2406 1831 2445 Buslid.su-

1130 2467 1223 2497 disset
1232 2466 1327 2495 abore
1338 2463 1510 2494 cerebrum.-
1523 2460 1657 2490 rectius.
1667 2457 1829 2488 D.Heins.

1174 2520 1213 2547 91
1245 2517 1398 2546 Victorem
1425 2515 1492 2552 post
1511 2510 1585 2548 fata
1608 2507 1702 2548 petit]
1741 2505 1829 2538 Ferit

1133 2568 1228 2608 prim.
1246 2563 1460 2596 Vat.A1nbr.
1477 2566 1513 2592 et
1530 2561 1651 2591 Patav.
1676 2558 1771 2588 Idem.

1196 2621 1214 2648 2
1251 2616 1421 2646 Ostendens
1447 2611 1545 2644 rutila
1579 2619 1647 2640 cum
1685 2609 1828 2645 Gorgone

1128 2667 1251 2711 pectus]
1287 2665 1405 2698 Scribe
1430 2662 1614 2695 obtendens.-
1637 2659 1684 2691 sic
1701 2662 1738 2690 et
1752 2656 1828 2688 Pal-
