1763 3116
322 166 387 197 DE
420 165 581 196 RAPTU
615 164 936 196 PROSERPlNAE
970 166 1062 196 Lm.
1095 168 1170 198 11¹.

26 261 162 290 movent.-
185 262 301 290 noster
324 259 425 296 alibi;
453 261 461 275 ‘
479 257 549 288 Aut
575 257 719 288 monitos

26 314 122 339 certa
160 308 343 349 dignantur
380 307 524 346 imagine
564 306 719 337 somnos!

26 358 132 389 Plura
147 359 189 389 de
205 368 245 389 eo
265 358 364 388 verbo
387 357 428 386 ad
452 357 619 388 Nasonem
645 357 719 388 Me-

26 415 106 442 tam.
119 412 176 442 lib.
193 419 272 442 xiii.
297 411 339 441 D.
357 409 470 440 Heins.

71 464 130 492 127
148 461 296 491 Exundat
310 460 348 490 ab
370 460 461 490 ubere
479 460 621 501 sanguis]
644 462 718 492 Me·

25 512 89 542 lius
105 511 152 542 sic
176 510 306 551 scripti,
326 519 423 550 quam
451 511 538 551 quod
556 511 589 540 in
604 512 720 551 vulga-

24 561 66 590 tis
92 561 231 591 exsudat.
274 560 375 590 Silius
399 559 456 590 lib.
473 569 506 590 v.
528 561 536 576 ‘
555 559 719 591 Pulmone

23 609 172 640 exundat
189 619 248 649 per
264 608 391 639 hiantia
409 610 546 639 vulnera
561 608 719 649 sanguis!

24 659 98 690 Lib.
113 668 167 691 lx.
182 661 190 676 ‘
207 659 385 699 Sanguinis
397 660 547 690 exundat
559 665 689 690 torrens
701 659 721 690 :’

23 709 70 740 sic
97 715 133 740 et
157 711 166 725 ‘
185 709 310 740 undare
336 710 510 749 sanguine’
537 715 572 739 et
597 710 606 726 ‘
631 709 721 741 unda

23 759 203 799 sanguinis’
220 759 340 799 passim
357 760 444 798 apud
463 760 598 791 Po'e'tas.
622 760 718 791 Idem.

68 813 130 841 129
153 809 323 849 Miranliu]
356 811 434 842 Vct.
461 812 562 842 lectio
586 822 652 842 non
668 822 719 842 re-

24 860 141 899 proba,
156 861 306 901 quamvis
323 862 426 891 etiam
444 862 578 900 legatur
594 872 718 893 moeren-

22 910 91 947 lia;
115 910 174 940 sed
192 910 297 940 minus
313 916 452 950 argute:
480 917 632 942 moestum
646 912 720 952 qui-

24 960 99 990 dem
118 966 238 1000 pectus
265 960 328 990 dici
354 966 469 1000 queat.
515 962 561 991 At
589 962 718 992 animus

23 1010 163 1041 miratur
177 1009 233 1050 qni
251 1009 309 1040 fiat
335 1014 371 1040 ut
396 1019 526 1048 manus,
548 1019 583 1040 se
607 1011 719 1041 incon-

23 1060 110 1091 sulto
128 1060 178 1089 vel
201 1059 348 1100 inopino,
374 1065 495 1099 pectus
512 1060 719 1091 concutiant.

25 1112 147 1142 Elaver.

66 1164 127 1192 130
155 1162 190 1192 Si
206 1161 315 1201 buxos]
340 1161 603 1192 Instrumentum
622 1161 719 1202 quale

23 1211 128 1242 suerit
151 1217 248 1243 notat
272 1213 426 1243 Lutatius
453 1212 495 1242 ad
521 1212 631 1242 Theb.
656 1221 720 1244 vn.

24 1262 135 1300 Buxa,
158 1262 166 1277 ‘
183 1261 265 1292 tibia
288 1262 338 1292 vel
365 1261 561 1299 scabellum,
583 1262 671 1302 quod
688 1262 720 1292 in

23 1312 127 1342 sacris
149 1311 304 1342 tibicines
329 1312 415 1352 pede
441 1321 559 1342 sonare
581 1321 721 1342 consue-

23 1362 167 1393 verunt!
211 1363 325 1393 anos
355 1368 467 1393 tamen
499 1361 589 1392 aliud
625 1368 720 1402 puto.

28 1413 140 1443 Barth.

67 1466 128 1493 133
153 1462 225 1493 Heu
254 1463 368 1502 longoe]
405 1462 532 1502 Scripti
565 1462 720 1502 plerique

25 1514 85 1545 Ne.
111 1514 212 1544 Forte
231 1514 299 1544 Na».
326 1514 371 1544 l).
388 1514 507 1543 Heius.

65 1564 180 1595 Procul
196 1564 288 1594 irrita
306 1563 402 1603 renti]
429 1564 503 1594 Hoc
520 1568 585 1602 est,
602 1563 722 1594 oblite-

25 1620 151 1654 rentur,
173 1620 209 1645 et
224 1624 265 1644 ex
287 1615 450 1644 memoria
474 1614 564 1644 omni
587 1614 722 1654 penitus

23 1665 231 1696 auferantur.
257 1663 371 1695 Barth.

67 1719 129 1747 134
153 1715 275 1746 Subicit
296 1714 423 1755 Cybele]
449 1714 589 1754 Septem
605 1713 723 1744 subiit.-

26 1766 73 1797 sic
90 1766 192 1803 alibi3
216 1765 224 1780 ‘
241 1765 409 1795 dicturum
433 1765 528 1804 plura
546 1768 725 1804 parentem

26 1816 118 1847 Voce
136 1814 248 1846 subin*
273 1815 317 1846 D.
336 1814 448 1845 Heius.

70 1869 130 1897 136
153 1866 173 1896 Ι
186 1869 299 1903 tamen,
319 1869 347 1895 ct
366 1865 460 1905 nullo]
496 1865 653 1895 Formula
670 1873 724 1895 vo-

26 1916 175 1947 ventium
194 1915 274 1946 felix
292 1916 366 1946 iter.
392 1915 509 1945 Barth.

68 1969 129 1998 137
153 1967 215 1997 Sed
237 1968 322 1997 nulla
337 1966 439 1996 ruenti
457 1965 635 2005 Mobilitas]
670 1965 726 1996 Ita

26 2022 61 2048 et
89 2022 240 2048 veteres:
279 2017 396 2057 opinor
425 2022 537 2047 tamen
563 2020 612 2047 sat
642 2017 726 2047 nulla

25 2067 129 2098 ruenti
146 2067 319 2098 Mobilitas,
366 2068 468 2098 Nulla
493 2068 571 2098 satis
588 2072 641 2098 est
656 2076 726 2097 mo-

25 2117 149 2156 bilitas,
174 2122 346 2157 utcunque
374 2118 514 2147 multum
541 2117 727 2148 festinanti.

26 2168 197 2208 Superiori
215 2178 311 2198 versu
335 2177 396 2208 pro
416 2167 542 2198 turbata
564 2167 727 2198 membra-

27 2228 78 2249 11ae
93 2219 261 2249 nonnullae
281 2220 420 2249 tardata.
445 2219 487 2250 D.
505 2219 625 2249 Heius.

71 2272 131 2301 1-10
173 2270 394 2310 ,abscondet-ie]
461 2270 728 2301 Decrescentem

28 2329 89 2359 per
127 2320 408 2361 longinquitatem
439 2321 539 2361 spatii
572 2330 728 2352 crescen-

28 2375 110 2400 tem.
135 2371 248 2401 Barth.

71 2419 286 2459 Absconderit]
318 2421 372 2452 Sic
393 2422 426 2451 in
442 2422 521 2452 Vct.
540 2422 624 2452 libro
643 2426 678 2453 et
692 2421 729 2452 fi·

30 2473 150 2507 gurate
176 2469 320 2500 dicitur:
347 2471 394 2501 sic
419 2473 506 2512 apud
523 2473 727 2513 Virgilium:

28 2520 37 2534 ‘
59 2522 230 2558 terraeque
255 2519 421 2560 urbesque
447 2521 630 2552 1·ecedunt.’
675 2522 730 2552 Sic

30 2568 124 2609 quasi
141 2568 284 2606 diceret,
298 2579 332 2600 se
347 2571 569 2610 abscondunt,
585 2572 637 2602 vel
654 2581 730 2602 ocu-

29 2619 79 2649 los
96 2616 285 2658 effugiunt:
311 2620 367 2660 qui
392 2620 480 2650 enim
503 2621 600 2650 Idam
617 2630 731 2651 asceu-

31 2667 90 2698 dat
106 2668 223 2706 (leros,
239 2678 313 2699 cnm
334 2670 406 2709 jam
431 2680 472 2700 ex
494 2670 566 2700 maz
592 2670 731 2712 fastigio

31 2719 201 2750 evaserit?
231 2719 272 2751 ln
288 2719 353 2750 alio
369 2720 486 2752 codice
510 2726 572 2762 est,
592 2723 731 2754 ascende-

1356 162 1468 205 1667

771 258 827 296 rit,
842 258 931 299 quod
956 268 1020 290 non
1044 264 1095 290 est
1111 269 1130 290 a
1146 259 1212 290 fide
1229 261 1300 292 veri
1324 263 1467 297 alienum

773 307 882 337 nimis.
909 308 1028 339 Cha-er.

816 357 1019 388 Absconderit
1031 358 1124 398 Iden]
1158 359 1228 390 Pro
1253 359 1472 393 abscondide-

772 406 838 445 rit3
865 408 1032 448 quomodo
1058 414 1191 440 veteres
1215 411 1346 442 locutos
1372 413 1470 444 testis

772 458 916 489 Nonius.
945 460 1056 500 Vulgo
1070 462 1262 492 adscenderit
1273 463 1378 494 Idam:
1402 473 1472 495 me·

772 508 871 538 liores
898 509 1042 549 scriptos
1067 517 1205 541 secutus
1227 522 1310 543 ¹sum.
1348 512 1473 553 Virgil.

772 567 828 588 111.
851 557 984 589 AEneid.
1008 561 1016 576 ‘
1032 560 1193 592 Protinus
1218 562 1326 592 a‘erias
1353 563 1471 594 Phaea-

772 617 848 638 cum
880 608 1115 640 abscondimus
1153 621 1241 651 oraS‚
1272 613 1471 654 Littoraque

772 658 868 698 Epiri
885 659 1046 698 legimus!
1068 662 1113 691 Ι).
1132 661 1245 692 noim.

818 713 876 741 141
901 710 956 742 Sic
969 713 1172 753 ‹estuatales]
1203 714 1366 745 Horatius
1382 715 1472 756 Epo-

773 759 816 790 do
833 770 856 790 1.
884 761 1000 793 Barth.

818 814 877 841 144
902 812 951 842 Ne
971 813 1118 850 gracilem
1143 816 1265 856 reatus]
1292 815 1473 847 Pulmanni

773 861 894 896 codex,
909 868 944 892 et
958 872 998 893 ex
1016 865 1137 894 nostris
1153 866 1274 905 Regius
1291 876 1364 897 cum
1384 866 1474 897 Oxo-

773 910 879 941 niensi
900 912 1073 951 fragile-im
1108 916 1300 953 eleganter:
1336 917 1378 947 de
1405 927 1473 957 qna

773 969 857 990 voce
889 962 1111 993 amicissimus
1142 970 1257 995 noster
1283 965 1472 996 Gronovius

773 1009 815 1040 ad
843 1011 1000 1043 StatIum.
1057 1013 1141 1043 Mox
1172 1015 1337 1045 decusserit
1368 1016 1471 1046 etiam

773 1061 899 1090 ret-tius
915 1067 1080 1102 excerpta
1098 1063 1285 1103 Puteauea,
1300 1066 1475 1105 quamdis-

771 1113 919 1142 cusserit:
942 1111 990 1142 sic
1006 1122 1129 1152 supra:
1155 1114 1164 1130 ‘
1182 1114 1361 1146 violentior
1388 1115 1475 1145 Aus-

774 1165 825 1191 ter
841 1162 983 1193 Decutit
999 1163 1174 1194 arboribus
1190 1163 1349 1197 frondes!
1366 1165 1473 1205 fragi-

773 1212 812 1242 lis
855 1214 986 1243 culcitra
1024 1214 1193 1245 Martialis
1230 1214 1475 1256 Apoplioretis‚

774 1262 875 1302 Epig.
893 1266 965 1294 160.
988 1265 997 1281 ‘
1016 1264 1186 1295 Fraudata
1202 1270 1330 1296 tumeat
1345 1265 1474 1306 fragilis

775 1313 837 1344 tibi
865 1314 1006 1344 culcitra
1037 1314 1148 1345 mula.’
1198 1315 1253 1346 Ita
1279 1317 1474 1348 veterrimae

775 1363 1000 1394 membranae:
1025 1364 1126 1404 vulgo
1139 1365 1249 1401 facilis
1265 1365 1324 1395 tibz·
1345 1366 1476 1397 culcitra

773 1415 888 1454 pluma,
903 1415 974 1446 sine
995 1425 1115 1453 sensn;
1140 1417 1317 1447 culcitram
1344 1417 1478 1447 strami-

775 1473 871 1494 neam
886 1465 1005 1496 innuit.
1031 1466 1118 1496 Nam
1134 1466 1166 1496 in
1185 1467 1319 1506 plumea
1334 1467 1478 1497 culcitra.

776 1512 924 1544 dormire
941 1513 1084 1545 divitum
1101 1520 1176 1546 erat
1191 1520 1227 1546 et
1243 1516 1476 1547 delicatorum.

778 1563 899 1593 Cicero
915 1564 1049 1595 Tuscul.
1063 1566 1192 1597 Quaest.
1208 1565 1227 1595 l.
1244 1575 1298 1596 111.
1322 1567 1330 1582 ‘
1346 1565 1477 1606 Eripia-

777 1623 850 1644 mus
884 1614 961 1645 huic
1002 1615 1250 1656 mgr-itudinem.
1290 1616 1479 1656 quomodo?

775 1664 989 1695 Collocemus
1007 1664 1038 1694 in
1060 1665 1205 1695 culcitra
1231 1665 1375 1705 plumea,
1390 1666 1479 1705 psal·

775 1714 876 1745 triam
905 1713 1128 1753 adducamus,
1153 1715 1292 1746 cedrum
1320 1716 1478 1746 incenda-

774 1773 858 1802 muS,
876 1764 992 1794 demus
1017 1765 1192 1795 scutellam
1215 1765 1397 1797 dulciculae
1423 1776 1479 1806 po-

775 1813 888 1852 tionis,
912 1814 1037 1855 aliquid
1066 1815 1304 1855 provideamus
1327 1821 1362 1847 et
1389 1815 1478 1846 cibi!

775 1865 818 1895 D.
836 1865 944 1896 Heius.

820 1918 881 1946 146
907 1916 1074 1956 Excubiis]
1111 1916 1340 1958 Virginalibus
1379 1926 1480 1947 excu-

777 1966 849 1997 biis.
873 1966 990 1997 Barth.

820 2020 882 2048 148
920 2016 1026 2057 Aulae]
1066 2016 1186 2047 Omnis
1223 2017 1332 2057 Regia
1363 2016 1480 2047 domus

776 2068 857 2099 aula.
880 2068 987 2099 Idem.

820 2121 883 2149 149
908 2119 978 2149 Non
994 2116 1169 2157 expectato]
1204 2116 1321 2146 Malim
1339 2120 1482 2157 expecta-

777 2171 839 2198 tce.-
874 2167 1042 2209 quomodo
1073 2167 1180 2198 editio
1205 2167 1367 2206 Claverii,
1392 2167 1480 2198 haud

778 2217 882 2248 dubie
911 2227 954 2248 ex
985 2218 1131 2248 vetustis
1169 2217 1384 2248 membranis.
1432 2218 1483 2248 D.

779 2269 893 2299 Heius.

820 2319 966 2351 Amictus
994 2319 1169 2358 Conscidit]
1208 2319 1248 2349 In
1278 2319 1483 2349 vestimento

780 2369 950 2400 conscisso
967 2368 1172 2409 significatio
1186 2374 1237 2399 est
1251 2369 1374 2399 luctus.
1400 2369 1485 2399 Bar-

780 2420 873 2451 thius.

824 2474 884 2502 151
910 2470 1081 2501 Hoeserunt
1096 2470 1268 2510 lachrimoe]
1307 2470 1406 2503 Quod
1433 2479 1484 2500 so-

781 2521 854 2552 lent
865 2521 898 2551 in
912 2521 1041 2551 enormi
1057 2521 1162 2552 luctu.

824 2572 891 2602 Nec
908 2571 982 2611 vox]
1020 2571 1189 2602 Indicium
1214 2580 1351 2602 summae
1367 2567 1485 2601 confu-

782 2621 883 2652 sionis
897 2622 988 2662 apud
1005 2621 1165 2652 animum.
1192 2622 1308 2652 Barth.

826 2672 899 2701 Non
915 2682 986 2711 vox,
1001 2675 1055 2702 aut
1070 2672 1200 2711 spiritus
1224 2672 1300 2711 oris]
1340 2670 1407 2699 Non
1423 2667 1484 2706 spi-

782 2722 864 2753 ritus
879 2723 1029 2754 Florent.
1053 2723 1087 2755 S.
1111 2723 1224 2755 Marci
1244 2726 1279 2753 et
1301 2717 1483 2752 Pnlmanni
