1763 3116
720 88 833 131 1769

294 353 657 402 RECENSUS
703 353 1047 403 CODICUM
1093 357 1246 405 MSS.

530 482 622 524 CL.
653 483 1013 526 CLAUDIAM

146 618 229 651 QUI
255 618 307 650 IN
335 619 680 652 BIBLIOTHECIS
708 621 1017 655 BRITANNICIS
1045 624 1391 660 ASSERVANTUR.

885 753 966 760 a...

252 858 316 900 Cl.
344 860 569 901 Claudiani
593 861 755 903 Codices
786 863 827 903 in
852 863 994 905 illu-seo
1026 864 1282 907 Britannico.

92 988 115 1028 I
122 998 148 1028 Ν
170 986 425 1029 Bibliotheca
448 986 582 1044 Regia
602 991 668 1030 15.
692 990 746 1031 A.
765 1002 849 1032 vn.
873 992 914 1033 6.
936 993 1090 1043 codex,
1115 995 1229 1035 inter
1250 997 1333 1037 alia
1356 999 1493 1047 varia,

34 1056 226 1097 continet
247 1054 478 1097 Claudiani
501 1057 554 1097 de
578 1057 731 1111 Raptu
764 1058 1043 1114 Proserpinae
1069 1068 1156 1103 tres
1177 1063 1330 1104 libros.
1375 1064 1493 1106 Saec.

40 1134 154 1164 xm.

92 1191 144 1232 In
178 1190 432 1232 Bibliotheca
468 1192 702 1233 Harleiana
735 1195 834 1234 cod.
869 1195 997 1236 2753.
1029 1197 1223 1237 continet
1261 1197 1495 1240 Claudiani

35 1259 182 1312 Opera
195 1261 238 1300 in
252 1260 333 1301 hoc
361 1261 534 1302 ordine:
568 1263 607 1303 1.
631 1262 684 1302 In
702 1262 910 1303 Rufinum
934 1263 1029 1303 Lib.
1053 1263 1180 1303 duos.
1213 1265 1252 1304 2.
1276 1265 1344 1305 De
1368 1266 1494 1306 Bello

33 1327 271 1368 Gildonico
313 1328 506 1369 Librum.
567 1330 608 1370 3.
642 1329 693 1369 In
738 1329 994 1382 Eutropium
1028 1330 1126 1371 Lib.
1174 1331 1296 1371 duos.
1347 1333 1389 1373 4.
1424 1333 1494 1374 De

34 1394 217 1448 Nuptiis
243 1394 432 1435 Honorii
454 1396 642 1449 Augusti
665 1404 709 1436 et
730 1396 907 1437 Mariae:
929 1397 1214 1439 Fescennina.
1245 1401 1287 1440 5.
1306 1399 1356 1440 In
1378 1401 1492 1454 ejus-

32 1462 131 1502 dem
154 1462 351 1515 Nuptias
370 1476 558 1503 carmen.
589 1464 629 1504 6.
650 1463 719 1502 De
738 1464 866 1504 tertio
888 1469 930 1502 et
947 1467 1105 1516 quarto
1129 1465 1371 1507 Consulatu
1394 1467 1493 1508 Ho-

30 1529 141 1570 norii
156 1528 349 1581 Augusti
372 1529 650 1583 Panegyrim.
683 1531 725 1570 7.
750 1529 819 1569 De
843 1528 987 1569 Mallii
1007 1530 1226 1572 Theodori
1245 1532 1490 1574 Consulatu

30 1595 306 1651 Panegyrim.
369 1598 409 1639 8.
443 1597 513 1638 De
537 1596 762 1637 Laudibus
795 1595 1049 1636 Stilichonis
1074 1598 1172 1638 Lib.
1195 1603 1297 1639 tres.
1358 1600 1400 1641 9.
1423 1600 1491 1642 De

30 1669 155 1706 sexto
174 1666 364 1706 Honorii
389 1665 631 1707 Consulatu
658 1664 932 1719 Panegyrim.
977 1664 1044 1705 10.
1079 1665 1149 1705 De
1178 1665 1308 1706 Bello
1330 1665 1491 1707 Getico

29 1732 222 1774 Librum.
272 1734 342 1774 11.
377 1733 584 1786 Eidyllia,
607 1732 953 1786 Epigrammata,
975 1734 1234 1785 promiscue.
1273 1735 1342 1775 12.
1375 1734 1491 1776 Lau-

28 1800 103 1841 des
125 1800 300 1841 Serenae
334 1803 510 1853 reginae,
537 1800 692 1841 uxoris
716 1800 982 1841 Stilichonis,
1046 1801 1115 1840 13.
1147 1801 1489 1854 Epithalamium

27 1867 221 1910 Palladii
243 1873 286 1909 et
307 1869 535 1910 Celerinae.
582 1869 652 1909 14.
687 1867 1117 1920 Gigantomachiam.
1170 1870 1238 1909 15.
1276 1869 1345 1909 De
1368 1868 1490 1922 Rap-

27 1939 73 1976 tu
105 1936 385 1989 Proserpinae
420 1937 519 1977 Lib.
552 1940 655 1978 tres.
719 1936 1001 1977 Desideratur
1034 1936 1318 1977 tinis.—-C0d.
1354 1949 1489 1977 mem-

28 2004 149 2043 bran.
170 2016 275 2044 saec.
302 2015 387 2045 xv,
411 2005 504 2044 sine
526 2005 654 2053 notis,
677 2005 959 2057 argumentis,
983 2009 1026 2045 et
1043 2005 1237 2057 capitum
1259 2004 1413 2045 titulis.

84 2069 194 2111 Cod.
219 2071 347 2112 5198.
370 2071 480 2112 inter
502 2072 589 2112 alia
610 2073 746 2112 multa
767 2071 946 2124 poetica
967 2071 1148 2111 exhibet
1179 2071 1414 2112 Claudiani
1435 2070 1487 2112 de

26 2137 176 2192 Raptu
200 2139 475 2192 Proserpinae
499 2141 595 2181 Lib.
622 2152 694 2181 111.
727 2139 927 2180 Chartae.
949 2139 1041 2179 sine
1062 2139 1194 2188 notis,
1216 2152 1320 2181 saec.
1345 2150 1430 2180 XV.

84 2205 193 2246 Cod.
223 2207 351 2248 3520.
382 2208 426 2248 in
449 2210 576 2248 tomis
610 2208 800 2248 duobus.
863 2207 1164 2257 Continentur,
1186 2208 1296 2248 inter
1317 2208 1418 2257 alia,
1441 2208 1486 2249 in

27 2278 144 2314 tomo
164 2275 304 2326 primo
337 2276 673 2329 Inscriptiones,
708 2276 1051 2329 Epigrammata,
1075 2288 1259 2329 quorum
1279 2276 1486 2316 nonnulla

25 2342 123 2389 (art.
145 2340 206 2390 3.)
229 2347 328 2383 sunt
350 2343 596 2385 Claudiani.

84 2408 200 2450 Inter
224 2408 387 2449 Codices
406 2410 685 2461 Burneienses,
708 2412 940 2453 Claudiani
964 2412 1129 2464 Opera,
1152 2412 1482 2452 111e111bra11‚cir-

24 2487 76 2515 ca
96 2480 201 2516 sa‘c.
228 2488 334 2516 λιν.
358 2492 456 2518 cum
476 2480 611 2520 variis
642 2481 948 2521 collationibus
973 2480 1028 2520 ad
1058 2481 1244 2534 paginas
1274 2479 1482 2520 editionis
1543 2480 1546 2481 ⁷

24 2541 77 2582 P.
111 2543 350 2585 Burmamii
381 2546 582 2595 secundi,
627 2545 810 2588 Amstel.
847 2558 1005 2588 MDLX.
1079 2545 1194 2596 Qua>
1247 2550 1482 2599 sequuntur

24 2613 353 2657 transcribimus
384 2627 441 2654 ex
472 2613 580 2655 folio
607 2626 706 2657 raso
738 2615 819 2656 sub
849 2616 974 2657 initio
1005 2613 1204 2656 codicis:
1247 2616 1258 2635 ς
1282 2613 1371 2653 Ms.
1393 2611 1481 2653 tres
