1763 3116
585 126 966 159 EPIGRAMMATA.

56 236 113 263 uer
130 227 250 258 tinxit.-
273 225 366 257 etsie
385 228 453 255 tres
469 220 654 253 Florentini
673 229 748 251 cum

55 277 231 308 Hat'niensi
254 276 432 307 chartaceo
452 283 458 302 :
493 275 604 311 potest
630 269 748 300 nihilo-

55 329 161 358 minus
175 332 209 358 et
226 326 361 366 vulgata
372 323 476 354 lectio
490 321 635 352 admitti.
660 321 749 351 Mai·-

55 378 142 408 tialis
173 376 214 407 de
248 376 365 415 vipera
402 372 562 413 crystallo
597 371 746 401 inclusa:

51 430 59 443 ⁶
75 430 243 459 Concreto
257 425 357 465 riguit
371 423 481 454 vincta
494 428 635 463 repente
648 420 748 461 gelu!

53 477 168 516 l'riap.
187 483 290 506 Lxlu.
315 474 505 514 ‘Rigetque
531 473 615 503 duro
643 472 749 502 barba

52 526 164 556 xincta
192 524 354 564 crystallo
370 523 388 554 :⁹
419 524 465 554 sic
497 524 581 562 lego.
644 521 747 553 Ovid.

51 575 151 605 l'ont.
165 583 220 606 111.
237 575 286 605 El.
306 578 334 605 l.
350 576 358 591 ‘
371 575 420 604 Tu
437 574 544 613 glacie
556 572 644 603 freta
657 572 748 602 vinc-

51 631 84 655 ta
114 624 231 656 tenes!
279 625 322 655 Et
345 624 405 654 lib.
434 633 474 655 11.
501 626 531 654 2.
554 624 748 663 ‘Terraque

51 676 143 716 pacis
174 676 285 715 inops,
315 675 473 715 undaque
505 674 619 704 vincta
651 672 749 713 gelu.'

51 726 176 757 Horat.
198 727 207 742 ⁴
223 726 429 766 Hebrusque
456 725 557 755 nivali
584 723 750 764 compede

49 776 204 806 vinctus)
249 775 431 806 Petronius
458 775 499 805 de
527 775 613 806 bello
635 775 749 806 civili:

49 827 57 842 ‘
75 826 190 856 Prima
204 825 341 866 quidem
353 825 479 864 glacies
492 830 527 855 et
542 834 626 855 cana
638 825 750 855 vincta

49 876 169 915 pruina
201 876 276 906 Non
319 874 482 915 pugnavit
511 874 629 904 humus
644 873 664 904 :’
701 874 749 904 sic

49 926 148 965 leg03
173 925 262 966 qu‘od
275 924 452 966 sequentia
464 923 680 964 confirmant,
692 923 749 954 ubi

1391 115 1501 158 1721

802 218 919 249 nimbos
933 219 1059 257 ligatos,
1083 222 1119 248 et
1140 218 1291 248 undarum
1313 218 1431 250 vincula
1447 220 1502 251 lia·

805 269 876 306 bes,
893 273 927 299 et
944 268 1048 298 vincta
1062 267 1208 307 flamina.
1243 267 1404 298 Paulinus
1429 279 1501 299 car-

803 319 892 349 mine
920 318 1090 358 Sapphico
1120 317 1161 348 ad
1191 317 1349 347 Nic-etam
1374 318 1503 356 altigare

803 369 910 400 dixit:
947 369 1116 408 ‘Quaque
1142 367 1292 406 Riphaeis
1321 366 1446 396 Boreas
1470 368 1503 398 in

803 419 869 449 oris
899 418 1029 458 Alligat
1060 417 1171 448 densis
1202 415 1319 447 fluvios
1353 417 1504 455 pruinis.’

803 469 952 499 Rutilius
970 467 1026 498 lib.
1045 477 1068 497 1.
1089 467 1207 498 Itiner.
1233 469 1241 484 ‘
1261 467 1384 497 Vincta
1400 465 1504 497 fluen-

804 523 839 549 ta
855 519 931 559 gelu
947 522 1131 558 conspecto
1152 518 1222 548 sole
1240 516 1434 557 rigescunt?
1456 517 1502 548 D.

804 569 916 599 Heius.

848 623 865 648 5
893 619 1024 649 Securos
1043 618 1181 648 vindicat
1206 618 1318 658 undas]
1342 619 1445 649 Forte
1459 627 1504 649 se-

805 672 927 704 creta-Q·
951 678 1139 710 quanquam
1164 674 1198 699 et
1215 668 1386 708 vulgatum
1415 677 1504 699 com-

805 720 903 750 mode
923 725 1036 760 potest
1052 719 1146 750 ferri.
1172 720 1267 751 Idem.

848 774 866 802 8
895 772 950 802 Vel
965 775 1106 802 concreta
1114 770 1195 810 suit,
1211 771 1257 802 vel
1271 772 1405 802 resolata
1417 771 1505 811 gelu]

805 821 948 853 Acutius
959 821 1146 852 reddideris
1157 821 1374 861 epigramma,
1387 821 1413 851 si
1426 821 1507 851 scri-

805 871 864 902 bas
877 883 884 902 :
915 872 970 902 Vel
978 874 1117 902 concreta
1123 871 1216 912 fluit,
1232 872 1278 902 vel
1288 872 1420 902 resoluta
1433 870 1505 910 gelu

803 922 875 954 est!
898 923 1004 955 Idem.

687 1103 864 1146 LVIII.

659 1236 697 1277 8.
750 1235 898 1277 Aliter.

94 1352 112 1379 2
140 1349 247 1379 Nimio
269 1347 338 1386 jam
369 1347 503 1387 pretiosa
527 1346 615 1386 gelu]
652 1346 751 1379 Quod

50 1399 248 1429 miraculum
262 1407 385 1438 nempe
398 1396 561 1428 faciebat.
610 1397 686 1427 Non
704 1401 752 1427 ta-

47 1458 124 1479 men
142 1460 158 1480 e
176 1448 252 1487 gelu
281 1448 486 1487 Crystallum
513 1448 592 1479 oriri
615 1457 656 1479 ex
673 1449 752 1478 alio-

51 1510 123 1531 rum
146 1501 304 1540 opinione
321 1510 421 1540 snpra
439 1500 636 1531 indicatum.
661 1500 749 1530 Vide

48 1551 198 1582 Solinum
216 1551 329 1591 capite
347 1553 397 1581 20.
411 1549 490 1580 fine.
507 1550 621 1581 Barth.

91 1605 110 1633 ⁴1
134 1600 252 1641 Latex]
278 1601 353 1632 Hoc
380 1605 434 1632 est
460 1610 624 1631 summum
650 1600 750 1631 mira-

808 1348 918 1378 culum
931 1347 1048 1377 horum
1066 1345 1366 1387 Epigrammatum.
1405 1346 1506 1385 Crys-

809 1398 924 1428 tallum
971 1397 1126 1428 Indicum
1173 1397 1326 1427 omnibns
1363 1396 1507 1436 praefert

807 1449 958 1485 Plinius;
989 1447 1202 1487 ‘Crystalloss
1238 1447 1404 1488 inquiens,
1435 1447 1508 1477 ‘In-

807 1498 895 1529 dicae
912 1499 1005 1528 nulla
1022 1497 1221 1538 praefertur.’
1254 1498 1349 1528 Idem.

849 1553 866 1579 5
892 1549 1018 1589 Liquidi
1033 1548 1118 1588 saxi]
1143 1548 1227 1577 Pars
1244 1547 1332 1577 enim
1357 1546 1508 1586 crystalli

805 1599 909 1630 etiam
925 1608 1022 1640 aquae
1040 1597 1205 1639 reliquiae.
1230 1597 1325 1628 Idem.

706 1777 837 1820 LIX.

656 1912 696 1953 9.
748 1909 899 1951 Aliter.

97 2024 108 2051 l
136 2021 246 2060 Aspice
262 2020 449 2061 correptam]
464 2021 558 2051 Malo
575 2022 749 2052 collectam:

51 2081 126 2101 nam
144 2080 228 2101 unus
246 2071 334 2101 liber
345 2075 533 2102 correctam.-
557 2072 620 2111 pri.
638 2072 751 2102 Vatic.

52 2127 85 2152 ct
103 2121 466 2162 Ambrosporreutanm
489 2132 553 2152 non
565 2122 660 2152 male.
683 2122 751 2152 Sed

52 2178 166 2213 posset
183 2178 217 2204 et
235 2174 397 2213 castigari
425 2177 597 2204 concretam
625 2183 752 2209 renam,·

50 2228 88 2254 ut
102 2223 219 2264 Epigr.
233 2226 264 2254 7.
280 2224 288 2239 ‘
304 2223 447 2253 Gemma
461 2223 579 2264 quibus
596 2223 752 2254 claustris

51 2283 174 2305 arcano
207 2273 339 2305 mobilis
372 2279 458 2304 aestu
498 2273 561 2304 Vel
592 2277 753 2304 concreta

51 2322 140 2362 fluit,
171 2324 222 2353 vel
252 2324 401 2354 resoluta
441 2323 517 2362 gelu
549 2328 601 2354 est
617 2323 637 2353 ,Ρ
682 2323 752 2354 Pro

44 2373 206 2412 fragmine
222 2374 287 2404 duo
305 2373 615 2413 Mediceisanguine
630 2385 641 2410 ;
664 2379 700 2404 nt
718 2378 753 2405 et

53 2423 251 2454 Palatinus:
277 2428 311 2453 at
337 2422 535 2455 Hafniensis
563 2430 598 2455 et
619 2425 751 2456 Buslid.

45 2473 186 2513 flamine.
232 2473 310 2503 Fuit
324 2482 398 2503 cum
417 2474 564 2513 legerem
580 2479 751 2514 conseptum

53 2524 221 2563 splendenti
235 2522 370 2561 tegmine
385 2532 502 2553 tenant.
527 2525 608 2555 Mox
627 2525 751 2555 Borean

54 2574 152 2614 prim.
178 2574 372 2604 Vaticanus.
396 2574 555 2604 Barthius
580 2576 752 2614 splendenti

45 2625 181 2663 fornice,
194 2625 246 2654 vel
260 2624 410 2662 margine.
434 2624 477 2654 D.
496 2623 614 2655 Heius.

99 2680 116 2706 5
144 2676 215 2706 Non
245 2674 349 2705 Sirius
377 2674 463 2715 axis]
506 2675 628 2706 Ardens
658 2675 755 2717 prim.

805 2021 887 2051 Vat.
915 2024 950 2051 et
976 2029 1035 2051 sex
1062 2020 1141 2050 alii:
1167 2023 1282 2051 noster
1307 2019 1393 2050 libro
1422 2029 1445 2050 1.
1476 2020 1508 2049 in

807 2070 921 2102 Rufin.
945 2072 953 2087 ‘
970 2080 1036 2101 non
1052 2071 1145 2101 illum
1161 2070 1268 2100 Sirius
1286 2070 1407 2100 ardens
1423 2070 1511 2100 Bru-

807 2131 904 2152 mave
921 2121 1063 2162 Riphaeo
1090 2120 1236 2152 stridens
1264 2120 1433 2161 Aquilone
1461 2129 1511 2150 re-

808 2171 944 2203 tardat?
1003 2173 1131 2203 Tamen
1161 2172 1266 2202 Sirius
1298 2173 1392 2202 ardor
1421 2171 1510 2210 apud

807 2222 985 2253 Maronem
1011 2222 1171 2253 occurrit.
1217 2221 1318 2262 Apud
1344 2222 1509 2252 eundem:

808 2273 816 2288 ‘
830 2272 986 2303 sitientes
999 2273 1103 2304 Sirius
1120 2272 1224 2303 Indos
1242 2270 1420 2302 Ardebat.’
1445 2271 1511 2301 Pro

807 2322 889 2361 axis,
905 2324 985 2354 arsit
998 2323 1117 2364 opinor
1129 2321 1232 2353 scribi
1247 2321 1384 2360 debere,
1401 2325 1437 2351 ut
1454 2329 1512 2360 op—

808 2378 954 2412 ponatur
969 2375 1013 2412 τῷ
1028 2373 1227 2404 constrinxit.
1253 2372 1360 2402 Idem.

860 2428 880 2455 6
903 2425 1025 2456 AEtatis
1037 2425 1173 2465 spatium
1189 2434 1245 2454 non
1268 2423 1405 2454 tenum-it
1422 2420 1515 2461 edax]

810 2476 962 2510 Tenuubit
990 2475 1125 2506 omnino
1148 2474 1328 2515 legendnm
1359 2483 1480 2514 quomo
1496 2491 1508 2496 -

807 2529 849 2559 do
875 2527 1035 2558 Barthius
1063 2535 1195 2567 quoque
1224 2526 1313 2555 curis
1343 2523 1509 2555 secundis.

811 2580 907 2610 Idem.

852 2629 923 2659 Non
936 2627 1073 2658 tenuavit
1086 2626 1179 2665 edax]
1198 2625 1360 2664 Cumjam
1373 2622 1511 2660 dixerit,

809 2687 872 2710 nec
890 2682 1007 2709 ventos
1024 2677 1155 2716 timere,
1180 2685 1242 2706 nec
1258 2672 1441 2711 constringi
1457 2681 1511 2702 ca-
