1763 3116
340 146 402 175 DE
436 143 598 175 RAPTU
632 140 954 172 PROSERPINAE
988 139 1081 169 [ΑΒ.
1114 140 1186 169 ΙΙΙ.

1381 128 1493 170 1663

642 390 892 432 XXXVI.

155 589 256 637 DE
296 587 533 636 RAPTU
575 584 1047 634 PROSERPINAE
1091 583 1232 631 LIB.
1276 584 1375 631 ΙΙΙ.

82 773 379 807 Pnffim'rroxmr,
404 780 477 811 qnae
508 769 542 799 in
571 767 739 799 nonnullis

38 823 133 853 libris
151 824 211 853 boc
227 823 298 852 loco
312 821 500 859 legebatur,
512 823 608 850 sexto
626 819 740 848 Hono-

38 872 78 902 rii
95 871 294 902 Consulatni
323 869 565 910 praefigendum
588 868 660 907 jam
683 866 740 896 alii

39 927 253 952 monuerunt.
280 922 321 951 D.
339 920 452 949 Heius.

81 971 305 1009 Descripsere
359 968 536 999 concilium
588 967 739 996 Deorum

39 1020 170 1060 Po'etae,
197 1020 294 1049 Maro
322 1018 524 1058 simpliciter
548 1025 582 1046 x.
608 1014 740 1045 AEneitl.

39 1069 140 1101 Ovid.
168 1071 198 1099 1.
226 1068 366 1098 Metam.
392 1068 478 1098 Stat.
508 1065 562 1096 lib.
588 1074 611 1096 1.
634 1064 741 1094 Theb.

38 1119 157 1161 qulbus
170 1119 341 1160 praeponit
354 1117 577 1150 Claudianum
587 1116 742 1155 Scaliger

39 1170 131 1211 poet.
148 1170 204 1201 lil).
220 1179 255 1200 v.
279 1179 352 1209 cap.
370 1171 419 1199 16.
449 1167 538 1207 qnod
560 1165 665 1206 magis
681 1165 740 1195 mi-

38 1230 109 1250 rum
138 1224 202 1258 est,
224 1229 300 1250 eum
329 1228 444 1249 versus
468 1216 740 1256 elegantissimos

39 1271 185 1301 voluisse
231 1276 383 1300 mutare:
438 1267 585 1298 viderint
635 1266 739 1296 docti.

39 1321 181 1360 Dcmpst.

83 1370 269 1406 Quaeritur,
287 1378 327 1399 an
343 1378 408 1399 non
427 1368 471 1398 sit
487 1366 685 1407 prooemium
708 1365 741 1395 in

40 1420 177 1451 tertium
195 1420 341 1449 librum?
363 1416 666 1456 Imperitiquidam
685 1417 740 1446 ho-

38 1471 145 1501 mines
170 1470 241 1499 ausi
267 1469 404 1498 t'nernnt
429 1466 672 1496 Pra‘t'ationem
690 1465 738 1495 in-

38 1529 152 1550 serere
168 1529 209 1549 ex
232 1517 469 1556 Manuscripto
493 1515 627 1556 quidem
646 1525 656 1553 ;
678 1514 738 1545 sed

38 1580 103 1603 non
120 1570 218 1601 bonae
236 1569 327 1600 fidei.
354 1569 475 1598 Clacer.

82 1624 99 1651 1
121 1619 263 1660 Jupiter]
288 1618 315 1649 A
335 1628 399 1658 qno
413 1616 590 1647 consilinm
607 1615 739 1655 rapien-

40 1671 92 1702 dae
109 1671 187 1702 filiae
206 1670 406 1700 ducebatur.
431 1668 547 1699 Barth.

81 1721 209 1760 Jupiter
224 1720 355 1756 interea,
379 1717 445 1757 Sym]
472 1717 533 1747 Iris
552 1716 671 1747 nuncia
684 1715 744 1747 Ju-

40 1771 135 1802 nonis
152 1770 352 1811 frequenter
367 1768 469 1806 dicta,
484 1766 678 1797 tx.]E11eid.
693 1774 743 1805 pr.

41 1832 66 1855 1.
83 1823 224 1854 Metam.
245 1821 324 1851 Fab.
347 1822 378 1850 7.
395 1822 510 1849 noster
536 1817 743 1856 Gygantonr.

42 1877 154 1904 tamen
172 1882 190 1902 a
203 1872 289 1903 Jove
303 1870 393 1900 mitti
406 1873 514 1899 sueta.
540 1876 590 1898 lx.
609 1866 743 1897 AEneid.

40 1923 120 1962 fine,
137 1922 177 1953 ad
194 1922 363 1954 Junonem
389 1920 531 1959 legatur,
554 1922 590 1947 ut
605 1917 646 1947 ad
666 1917 744 1947 Pal-

42 1974 153 2005 ladem
167 1973 257 2013 apud
273 1972 389 2002 Silium
408 1970 566 2000 Pnnicor.
585 1977 635 1999 lx.
654 1968 744 1998 idem

42 2023 128 2054 fecit
146 2023 285 2053 Homer.
302 2020 398 2052 Iliad.
411 2029 449 2050 11.
462 2022 534 2049 786.
550 2018 648 2048 Iliad.
664 2027 742 2048 vul.

42 2076 116 2104 400.
136 2072 232 2103 lllad.
250 2081 308 2102 xv.
336 2074 407 2101 158.
425 2075 527 2110 utque
550 2068 744 2099 Mercurius

40 2126 80 2157 ad
107 2135 212 2164 pacem
239 2122 459 2153 conciliandam
490 2120 657 2157 mittitur3
697 2120 746 2149 ita

42 2177 114 2207 haec
129 2177 168 2206 ad
176 2175 297 2212 soedera
325 2171 527 2204 discutienda.
575 2170 746 2201 Thauman-

42 2226 104 2256 tias
121 2230 232 2256 antem
252 2235 269 2254 a
283 2221 427 2261 θαυμάζω
447 2221 609 2259 admiror,
627 2220 669 2250 ol)
687 2220 744 2250 atl-

43 2276 226 2307 mirantlam
250 2275 400 2305 colorum
418 2273 629 2302 varietatem.
654 2271 744 2301 Plin.

43 2327 104 2358 lib.
119 2335 158 2357 11.
177 2336 253 2365 cap.
277 2328 329 2355 59.
347 2324 467 2354 Senec.
484 2322 544 2352 lib.
564 2330 587 2351 1.
604 2324 675 2350 nat.
691 2329 746 2359 qu.

45 2386 119 2416 cap.
134 2379 165 2407 3.
180 2380 215 2406 vt
232 2380 375 2414 utroque
405 2371 573 2413 posterior
602 2369 747 2410 Rnodig.

44 2425 102 2456 lib.
121 2433 214 2455 xxu.
229 2434 303 2463 cap.
317 2426 369 2454 24.
387 2423 427 2452 ad
445 2424 498 2452 32.
516 2422 659 2461 Dempst.

92 2475 232 2504 Cinctum
258 2472 383 2511 nimbis]
420 2472 589 2502 Indicium
618 2469 746 2501 nimbo-

48 2535 133 2564 rum,
149 2530 183 2555 et
200 2524 330 2554 nonnisi
353 2523 511 2554 nimbosis
528 2523 672 2553 nubibus
689 2531 746 2562 ap-

48 2580 239 2618 parentem.

91 2623 331 2663 Thaumantida]
353 2623 436 2662 Irin,
448 2632 521 2664 quae
535 2621 659 2654 nuncia
674 2621 745 2654 De-

48 2686 144 2709 orum
161 2674 315 2707 onmibus
331 2672 459 2705 Po'e'tis.
481 2672 598 2704 Barth.

838 769 857 796 2
884 765 1017 804 Totoque
1050 764 1148 803 Deos]
1186 763 1375 795 Concilium
1405 761 1497 793 Deo-

796 825 882 854 rum,
895 816 1005 855 qualia
1019 815 1259 845 describuntur
1271 824 1289 843 a
1304 814 1444 844 Marone
1463 817 1498 842 et

796 865 959 901 Homero,
976 865 1058 895 aliis.
1086 865 1182 896 Idem.

838 919 855 945 3
880 914 1038 955 Zephyros
1059 915 1226 954 proelapsa]
1250 915 1307 945 Sic
1326 924 1410 944 unus
1434 914 1498 943 Pc-

797 964 952 994 tavianns
967 975 973 994 z
999 965 1054 994 alii
1072 965 1230 1003 Zephyros
1250 964 1368 1002 illapsa,
1384 963 1498 1002 elapsa,

792 1022 976 1052 praegressa,
1004 1012 1156 1052 Zephyris
1183 1013 1304 1050 illapsa,
1333 1012 1434 1049 illata,
1463 1014 1498 1040 et

797 1062 931 1093 similia.
975 1062 1086 1101 Vulgo
1110 1062 1268 1101 Zephyros
1289 1065 1497 1099 transgressa.

798 1113 930 1152 Opinor
942 1122 1054 1142 veram
1068 1112 1271 1152 scripturam
1283 1120 1366 1147 esse,
1379 1110 1501 1149 Zephy-

796 1172 846 1193 ros
862 1163 971 1202 illapsa
985 1173 995 1192 :
1016 1162 1104 1202 apud
1124 1161 1281 1201 Statium,
1307 1161 1416 1191 Theb.
1436 1169 1500 1191 vn.

795 1214 934 1253 Jupiter
961 1214 1003 1244 ad
1032 1214 1242 1244 Mercurium
1273 1213 1345 1253 pari
1374 1212 1497 1243 modo:

800 1263 846 1302 ‘1‚
875 1264 1022 1294 medium
1054 1264 1171 1304 rapido
1202 1264 1333 1294 Borean
1362 1263 1499 1293 illabere

797 1313 910 1343 saltu?
949 1313 1198 1353 Raphelengius
1213 1313 1365 1352 Zephyris
1380 1312 1501 1352 illapsa.

797 1365 842 1394 D.
862 1364 979 1394 Heins.

839 1417 878 1444 10
897 1414 1059 1453 Proceres]
1077 1413 1132 1443 Dii
1146 1413 1298 1453 majores,
1312 1412 1498 1452 majoribus

797 1462 913 1494 officiis
928 1462 1101 1503 praefecti.
1126 1463 1243 1493 Barth.

838 1515 875 1542 11
901 1513 1022 1542 Lucida
1040 1512 1152 1541 Phorci
1171 1512 1326 1551 Canities]
1352 1513 1430 1553 Ipse
1445 1522 1500 1543 ca-

794 1572 867 1594 nus.
888 1562 985 1592 Idem.

839 1614 962 1643 Caerula
993 1612 1109 1642 Phorci
1142 1611 1298 1652 Canities]
1336 1612 1500 1650 Isingrini

794 1662 978 1693 lectionem
1006 1660 1247 1700 expressimus.
1305 1661 1432 1690 Moreti
1465 1664 1500 1690 et

800 1712 980 1743 Petavian.
1008 1720 1092 1741 unus
1112 1710 1235 1745 lurida;
1264 1710 1352 1740 alter
1368 1710 1500 1740 lubrica.-

800 1763 864 1793 dno
891 1762 1044 1792 candida:
1081 1760 1148 1790 duo
1175 1760 1230 1790 alii
1256 1762 1501 1800 reverendaque:

800 1825 884 1846 unns
921 1815 1050 1855 pallida.
1108 1812 1219 1851 Vulgo
1247 1812 1348 1842 lacida
1362 1823 1375 1848 ;
1413 1811 1502 1852 quod

800 1865 940 1896 Barthio
958 1864 1131 1904 probatur,
1148 1873 1213 1893 non
1230 1863 1318 1892 unni.
1364 1862 1404 1892 In
1422 1862 1503 1902 Epi-

798 1917 894 1947 cedio
910 1916 1013 1947 Drusi
1029 1926 1036 1946 z
1061 1916 1069 1931 ‘
1084 1914 1139 1945 Illi
1155 1914 1345 1945 Caerulenm
1359 1913 1501 1953 Panope

799 1971 986 1998 matertera
1000 1965 1126 1996 crinem
1142 1963 1265 2000 Solvit,
1281 1966 1316 1992 et
1333 1961 1503 1992 immensis

797 2017 935 2048 fletibus
953 2015 1047 2046 auxit
1064 2013 1190 2054 aquas.’
1214 2012 1262 2043 D.
1278 2012 1388 2042 Heius.

843 2070 882 2097 13
908 2066 1096 2096 Mansuram
1130 2063 1260 2102 Protea]
1301 2063 1503 2093 Daemonum

798 2117 1063 2148 mutabilitatem
1078 2115 1110 2145 in
1123 2114 1203 2144 alias
1218 2119 1320 2154 atque
1337 2113 1419 2143 alias
1433 2111 1503 2143 for-

799 2177 868 2198 mas
891 2167 1136 2198 intellexerunt
1156 2165 1220 2194 hoc
1236 2163 1400 2203 figmento
1417 2162 1503 2193 Poe-

799 2223 855 2249 tae.
883 2218 993 2248 Barth.

844 2271 883 2299 14
909 2265 1176 2307 Senibasflam'is]
1199 2265 1286 2296 Nam
1306 2263 1503 2294 minutiores

801 2324 836 2351 et
854 2319 1051 2360 juveniores
1074 2316 1124 2347 illi
1151 2325 1216 2347 non
1242 2314 1426 2354 tangebant
1441 2313 1503 2344 boc

800 2371 949 2402 honoris.
978 2370 1075 2400 Idem.

847 2425 883 2452 15
909 2421 980 2451 Stat
1005 2422 1118 2450 caetera
1135 2414 1387 2455 morejuventus]
1413 2415 1503 2454 Lege

799 2476 904 2504 stant:
928 2471 1014 2501 male
1032 2470 1134 2500 etiam
1161 2469 1234 2498 haec
1252 2464 1503 2505 distingueban-

801 2527 869 2555 tur.
894 2522 938 2553 D.
956 2521 1070 2552 Heius.

843 2571 984 2610 Plebeio]
1007 2570 1158 2601 Minores
1172 2569 1266 2598 Deos
1278 2565 1370 2596 dicit.
1386 2562 1500 2594 Barth.

844 2625 883 2653 17
910 2620 1015 2653 Taciti
1051 2618 1170 2657 Fauni]
1222 2616 1347 2646 Mirum
1377 2612 1499 2650 Scalig.

801 2676 933 2704 tautum
948 2671 1056 2703 virum
1073 2670 1161 2700 velle
1174 2675 1350 2707 reponere,
1366 2661 1500 2702 stupidi:
