1763 3116
359 156 410 186 {N
447 157 475 187 L
508 142 1104 187 cous.sruucn.1nn.1u

9 250 143 283 tiaslmis
170 255 252 281 tunc
276 249 446 281 laudatam
473 247 629 278 memini:
668 251 703 277 et

7 310 87 331 nne
107 301 171 331 Pur
184 300 307 330 sceler-is
322 309 341 329 a
353 307 450 329 manu
468 297 575 337 prima
591 297 622 326 iu
639 296 704 336 pri-

7 360 62 381 mo
78 350 243 381 Vaticano
261 348 446 388 legebatur,
465 352 499 376 et
517 346 702 376 Uiseliano.

7 400 155 440 Vulgata
172 404 283 429 tamen
302 397 405 427 lectio
429 406 471 426 ex
497 397 553 426 illo
568 396 702 436 Virgili-

6 459 70 480 ano
88 454 196 489 potest
213 446 369 477 defendi:
395 449 404 464 ‘
422 447 506 477 Pars
519 446 702 486 mihipacis

4 499 70 529 erit
94 498 246 528 dextram
271 497 423 537 tetigisse
446 495 606 537 tyranni!
645 497 703 526 Sc-

4 548 142 589 quentia
156 548 313 577 videntur
329 553 512 587 corrupta:
532 546 702 586 profacto·

0 607 68 629 rum
77 607 151 628 mox
164 606 281 627 novem
292 597 518 634 librifiatorum.
532 597 702 627 1).l·1eins.

43 650 106 678 303
130 650 212 678 Ante
219 647 342 686 fretum
358 649 457 678 deletu
472 648 564 688 milui]
588 648 705 678 Deluta

2 699 103 739 prim.
116 699 270 730 Vaticani.
285 704 320 729 et
335 699 390 729 alii
404 705 497 737 oct03
525 698 633 729 adme
647 699 703 729 de-

2 748 83 788 lata,
98 754 132 779 et
149 758 333 789 suppressa
347 758 422 779 meo
439 748 562 779 studio.
587 749 684 778 Idem.

45 800 128 830 Ante
137 799 257 837 fretum
273 801 372 830 deletu
387 800 477 839 milu']
502 799 703 840 Priusquam

2 850 114 880 navim
143 851 337 887 scanderet,
362 855 421 880 aut
449 851 531 880 mari
559 850 702 880 nuncius

1 899 210 929 crederetur.
266 900 362 938 Mihi,
385 909 460 929 meo
499 900 674 930 commodo
692 911 700 938 3

1 947 115 978 Romae
135 949 223 978 euim
247 949 448 988 dignitatem
463 958 617 980 servasse
635 950 701 980 Sti-

0 997 163 1028 lichonem
180 998 302 1039 ubique
320 999 427 1030 videri
445 1000 527 1030 vult.
551 1000 667 1030 Barth.

41 1050 103 1078 304
132 1048 296 1088 Exempla]
320 1049 486 1089 Exempla
514 1054 592 1079 sunt
623 1049 700 1079 His-

0 1098 96 1129 toriae
114 1099 274 1138 priorum,
291 1099 471 1130 servientis
483 1100 702 1130 instructioni

0 1148 222 1188 sequentium.
251 1149 346 1179 Idem.

40 1200 104 1229 306
128 1198 287 1229 Sec-retum
311 1199 437 1240 meruit]
470 1198 525 1230 Ne
551 1199 701 1230 innotes-

0 1252 91 1278 neret
108 1248 197 1287 apud
215 1253 366 1280 veterem
384 1250 536 1280 Romam.
566 1250 664 1281 Idem.

42 1298 191 1338 Quisquis
209 1300 288 1330 Eoos
303 1300 444 1331 Scribere
458 1301 600 1340 desierit]
630 1301 702 1331 Eois

0 1349 81 1388 legit
97 1350 279 1381 Bartliius:
305 1356 339 1381 et
354 1361 430 1381 mox
444 1353 553 1381 rasisse
567 1361 626 1391 pro
640 1355 701 1381 ter-

0 1401 84 1438 sisse,
106 1400 194 1440 quod
214 1401 342 1440 placet,
370 1411 430 1440 pro
448 1401 600 1436 erusisse;
628 1411 700 1441 pro—

0 1450 72 1490 pria
95 1450 364 1490 significatione:
389 1452 397 1468 ‘
416 1452 558 1482 eradere
576 1462 698 1482 nornen

0 1509 37 1531 ex
64 1499 182 1531 fastis!
227 1500 267 1530 In
298 1501 394 1540 prim.
415 1501 526 1532 Vatic.
554 1502 697 1542 aliisque

0 1550 110 1581 multis
127 1554 179 1580 est
195 1550 326 1581 texisse:
356 1560 424 1581 sec.
445 1550 556 1582 Vatic.
579 1551 697 1582 strinx-

0 1601 69 1631 isse:
94 1601 180 1632 alter
193 1600 306 1632 Oxon.
317 1601 463 1640 traxisse,
478 1610 555 1631 cum
568 1601 695 1633 Moreti

0 1650 149 1690 duobus;
175 1661 249 1692 quae.
266 1651 430 1682 lectiones
456 1651 498 1681 ad
517 1661 630 1682 veram
649 1653 695 1683 al-

0 1700 136 1739 ludunt3
161 1706 198 1732 ut
215 1706 249 1732 et
263 1701 329 1732 duo
345 1701 509 1741 Medicei,
524 1703 555 1732 in
573 1703 694 1743 quibus

0 1752 159 1782 trcmsisse:
182 1752 334 1792 proxime
348 1756 459 1783 tamen
470 1753 617 1784 omnium
630 1754 696 1785 Pa-

6 1802 131 1840 avinus,
150 1803 205 1843 qui
221 1804 330 1834 rosisse
347 1803 487 1843 praefert
503 1815 509 1834 :
536 1805 609 1844 pari
626 1815 695 1836 mo-

0 1852 37 1883 do
53 1853 143 1893 apud
170 1853 370 1884 Ciceronem
397 1855 405 1871 ‘
425 1855 544 1886 radere
572 1864 694 1887 nomen

0 1902 114 1941 Pastis:
141 1913 214 1944 pro,
240 1904 403 1935 eradere:
435 1910 551 1945 potest
580 1910 693 1937 tamen

0 1958 28 1984 et
44 1954 166 1985 tersisse
182 1953 261 1985 ferri
277 1955 341 1986 hoc
358 1956 445 1986 loco.
483 1957 575 1997 Lego
589 1957 693 1988 etiam

0 2005 86 2042 Eoos,
98 2010 134 2036 ut
147 2005 186 2036 ad
197 2005 300 2044 fastos
312 2007 481 2038 referatur
495 2019 502 2046 ;
527 2012 632 2050 atque
645 2009 695 2040 ita

0 2054 168 2085 Lucenzis.
214 2056 283 2086 Pro
299 2058 427 2088 desierit
451 2062 529 2089 octo
555 2059 693 2091 codices

0 2105 148 2135 ieseruil:
171 2114 212 2134 an
227 2106 390 2138 desuevit?
425 2107 538 2138 Fuscus
558 2119 692 2150 quoque

0 2164 55 2194 pro
74 2154 179 2192 fastos
203 2157 411 2188 Patavinus:
444 2158 569 2190 dictum
598 2161 691 2192 alibi.

0 2204 35 2237 D.
54 2205 164 2236 Heius.

35 2260 95 2289 307
122 2258 272 2298 Gabinos]
309 2260 489 2291 Romanos.
532 2261 693 2293 Vetusta-

0 2314 61 2339 [em
78 2317 206 2339 morum
225 2314 259 2339 et
275 2311 543 2342 ceremoniarum
560 2311 622 2343 hoc
639 2322 695 2343 no-

0 2357 81 2388 mine
97 2360 323 2391 commendat.
348 2360 462 2392 Barth.

36 2409 99 2438 309
123 2409 187 2438 Cur
212 2419 268 2448 ego
293 2421 361 2450 quoe
388 2411 557 2452 nunquam]
594 2413 693 2448 Quem

0 2461 30 2488 ct
41 2460 180 2496 gratuler
197 2470 237 2491 cx
253 2461 386 2501 scriptis
402 2473 409 2492 :
434 2467 467 2492 et
486 2462 609 2494 deinde
627 2465 694 2495 Nos

0 2517 47 2538 nec
59 2509 255 2540 credidimus:
273 2520 336 2540 non
357 2512 421 2542 Nec
436 2521 499 2542 nos.
517 2513 558 2544 D.
575 2514 693 2545 Heius.

32 2558 191 2598 Gnatum]
203 2559 379 2591 Consulem
397 2562 693 2602 EutropiumBar-

0 2607 89 2638 thius.

36 2659 98 2688 313
116 2657 279 2696 ΡΙιωίᾱευ]
291 2659 339 2690 Eo
349 2661 466 2699 magis,
477 2662 630 2702 amplius.
645 2664 692 2694 Id.

37 2707 183 2748 Fustigia
218 2708 316 2749 juris]
378 2710 479 2742 l'rior
509 2712 605 2745 Leid.
645 2723 693 2745 re-

1346 145 1459 186 1529

754 256 833 277 rum.
862 247 1007 277 Lucens.
1031 250 1067 276 et
1091 244 1232 284 Gyrald.
1256 245 1355 276 ritas.-
1377 248 1460 279 nihil

755 302 856 327 muta.
871 296 938 326 Adi
956 301 1051 326 nota<
1068 296 1127 326 lib.
1146 305 1183 325 n.
1201 295 1232 324 in
1254 295 1396 335 Eutrop.
1409 307 1460 329 νς.

758 348 828 376 124.
860 345 1022 375 Bartliius
1048 354 1183 375 versum
1202 354 1275 374 esse
1300 345 1461 376 adulteri-

755 405 833 425 num
852 394 1009 426 affirmat.
1038 396 1078 426 D.
1096 395 1208 425 Heius.

798 448 860 476 314
897 445 960 480 Qui
988 448 1096 484 portus
1123 444 1286 484 honorum]
1320 446 1460 484 Portus,

755 500 866 527 tutum
893 505 1155 536 supremumque
1181 496 1375 536 confugium
1402 497 1460 528 de—

755 550 861 577 notat.
886 546 1001 576 Barth.

797 599 858 627 317
886 597 989 626 Titulo
1001 599 1074 626 tunc
1089 597 1238 636 crescere]
1272 595 1460 636 Aliquoties

755 646 913 677 adulatur
925 646 1142 677 Stilichonem
1157 655 1252 676 suum
1266 646 1328 676 lioc
1340 646 1457 677 niodo:

755 700 763 713 ⁴
783 697 946 736 Principe
978 702 1013 727 tu
1043 706 1169 735 genero
1200 695 1294 733 felix,
1324 696 1459 728 felicior

755 747 811 778 ille
827 749 873 777 'l'e
892 746 1032 777 socom?
1062 747 1157 777 Idem.

797 800 860 828 319
879 797 1077 836 Consulibus]
1095 796 1200 827 Annis
1217 797 1459 837 scilicet‚quos

754 857 772 876 a
799 848 937 877 condito
962 848 1147 877 Consulatu
1175 848 1324 877 Romano
1346 852 1460 878 conta·

752 896 895 926 ininatos
913 897 1044 937 ubique,
1061 897 1115 926 ubi
1133 897 1224 927 locus
1240 896 1319 937 fert,
1334 897 1459 928 clamat

752 946 910 985 Eutropii
928 946 1087 976 fascibus.
1112 946 1209 976 Idem.

795 998 858 1025 320
873 996 999 1026 Annmn
1013 997 1106 1025 redde
1119 996 1220 1034 tuum]
1243 996 1336 1027 Malo
1352 1007 1458 1028 suum:

751 1049 789 1074 ut
807 1044 910 1082 alibi;
933 1046 942 1060 ⁴
961 1045 1127 1075 Restituit
1149 1045 1293 1075 Stilicho
1315 1053 1458 1077 cunctos

752 1094 826 1133 tibi,
860 1095 979 1134 Roma,
1012 1095 1223 1135 triumphos!
1266 1096 1460 1136 Quicunque,

751 1145 969 1185 subintellige
996 1146 1132 1176 consul:
1159 1146 1261 1176 aliter
1285 1146 1458 1177 Barthius.

751 1195 796 1226 D.
815 1195 928 1227 Heius.

794 1250 856 1278 323
883 1248 966 1278 Tunc
981 1248 1102 1278 consule
1119 1246 1237 1286 Bruto]
1264 1248 1304 1278 Te
1320 1247 1454 1286 consule,

752 1298 854 1329 Brute
866 1299 993 1338 primus
1011 1299 1106 1329 Med.
1131 1300 1229 1330 Idem.

795 1351 857 1378 324
883 1348 1072 1388 Perfasces]
1099 1350 1320 1380 Consulatum
1337 1349 1456 1389 Regno

750 1396 981 1428 substitutum.
1008 1398 1122 1428 Barth.

793 1450 854 1477 325
880 1447 1052 1478 Sublimem
1077 1447 1236 1488 honorem]
1269 1448 1453 1489 Papinius:

748 1498 756 1514 ‘
775 1499 971 1538 Lucemque
998 1509 1017 1529 a
1043 1500 1190 1530 Consule
1219 1500 1314 1531 ducit
1335 1499 1455 1531 Omnis

748 1547 876 1577 honos.'
901 1548 998 1579 Idem.

790 1599 853 1627 326
872 1598 946 1628 Plus
958 1601 1003 1628 est
1014 1598 1166 1638 servasse]
1185 1599 1256 1629 Liv.
1272 1600 1292 1629 l.
1310 1607 1455 1630 xxxvl!-

746 1648 754 1663 ‘
771 1648 855 1679 Quae
874 1657 993 1688 parare
1007 1653 1042 1678 et
1054 1658 1211 1689 quaerere
1224 1649 1366 1679 arduum
1380 1649 1456 1689 fuit,

748 1699 862 1729 nescio
879 1709 919 1729 an
935 1700 1022 1729 tueri
1042 1709 1106 1730 uon
1125 1700 1169 1730 sit
1185 1699 1380 1731 difficilius?
1405 1701 1454 1733 Id.

790 1751 851 1780 327
878 1751 942 1780 Ore
968 1750 1111 1790 verendo]
1136 1751 1274 1782 Rubenti
1298 1751 1361 1792 pri.
1387 1751 1454 1782 Va-

747 1800 850 1831 tican.
865 1804 898 1831 et
915 1800 1071 1832 undecim
1088 1802 1164 1840 alii;
1190 1801 1291 1832 bene:
1317 1802 1455 1833 rubenti

746 1861 817 1891 prae
837 1851 1060 1890 verecundia3
1085 1852 1162 1883 hinc
1188 1852 1281 1883 rubor
1308 1862 1369 1893 pro
1393 1862 1454 1892 pu·

745 1901 828 1932 dore
853 1903 977 1942 passim
1006 1902 1096 1942 apud
1125 1903 1263 1943 poeta&
1289 1908 1326 1933 ut
1350 1903 1409 1934 lib.
1426 1912 1451 1934 1.

744 1952 777 1982 in
793 1953 937 1992 Eutrop.
955 1962 1002 1982 VS.
1020 1955 1095 1982 253.
1129 1954 1137 1969 ‘
1157 1953 1225 1984 Aut
1242 1952 1322 1993 qnid
1338 1953 1371 1983 in
1387 1952 1452 1983 hoc

745 2003 840 2033 vultu
869 2002 998 2042 poterit
1025 2000 1167 2041 flagrare
1193 2003 1322 2033 ruboris
1335 2002 1358 2033 ?'
1393 2002 1452 2033 ubi

744 2062 923 2093 perperam
957 2062 1102 2092 superare
1138 2053 1354 2083 rescribunt:
1394 2052 1451 2082 ad-

744 2109 866 2135 eantur
882 2115 958 2145 quae
986 2109 1139 2134 notamus
1164 2105 1244 2134 illic.
1290 2105 1370 2134 Mox
1390 2114 1452 2144 pro

743 2156 886 2186 insolitus
903 2155 1056 2194 Scaliger
1082 2158 1109 2184 el
1131 2155 1256 2185 solitus.-
1279 2153 1451 2194 quomodo

744 2205 853 2237 Delrii
877 2205 985 2236 codex
1003 2211 1038 2235 et
1061 2205 1215 2235 undecim
1242 2204 1350 2234 nostri
1373 2213 1450 2234 cum

744 2257 852 2297 primo
868 2257 1046 2287 Vaticano.
1081 2256 1154 2295 Ego
1171 2255 1249 2284 olim
1267 2264 1302 2285 en
1319 2255 1451 2290 solitns;

744 2317 807 2338 uec
823 2306 932 2337 adhuc
955 2306 1076 2336 damno
1100 2305 1248 2345 penitus.
1287 2305 1352 2334 Pro
1368 2303 1452 2343 ignis

744 2357 937 2399 quindecim
955 2356 1065 2386 amnis.
1105 2355 1228 2385 Glossa
1245 2355 1321 2385 libri
1338 2354 1450 2394 Regii,

742 2410 775 2439 id
788 2412 832 2440 est
847 2409 939 2438 sudor
955 2417 995 2437 ex
1010 2406 1204 2437 verecundia.
1232 2404 1391 2435 Barthius
1407 2413 1450 2435 ex

743 2460 904 2490 Palatino
920 2468 959 2488 an
974 2458 1082 2488 solitus
1100 2456 1238 2495 frontem
1261 2453 1449 2494 circumfluit

741 2509 849 2550 ignis?
873 2510 963 2550 quod
982 2509 1088 2538 mium
1106 2506 1254 2537 arridet:
1275 2505 1384 2535 verius
1396 2509 1448 2534 est

743 2561 871 2591 debere
899 2558 1030 2598 reponi,
1044 2561 1078 2588 ut
1103 2557 1211 2587 solitus
1223 2555 1365 2594 frontem
1389 2554 1448 2584 cir-

742 2610 880 2651 cumfluit
899 2607 1011 2648 ignis!
1041 2608 1094 2638 Sic
1118 2607 1205 2637 libro
1230 2606 1383 2646 proxime
1399 2612 1448 2633 sc-

743 2660 860 2701 quenti
876 2669 918 2690 ex
935 2657 1075 2699 optimis
1097 2656 1311 2694 membranis,
1326 2658 1372 2694 ut,
1384 2653 1447 2684 Sei-

741 2711 834 2751 licho,
848 2709 968 2740 cunctis
991 2708 1118 2749 inopina
1133 2706 1248 2738 reluxit
1270 2706 1309 2736 Te
1331 2704 1447 2735 victore
