1859 3148
321 184 437 229 1502
554 196 694 226 NOTAE
726 196 987 228 VARIORUM

322 294 381 321 vet
395 294 535 321 extento
555 290 754 321 Proculeius
772 300 843 320 aevo
865 291 975 322 Notus
992 291 1024 321 in

322 339 445 372 fratres
471 340 572 371 animi
603 339 761 380 paterni!
813 341 821 356 ‘
843 341 1025 381 Porrigere

323 390 454 429 vitam,’
471 390 561 421 idem
577 396 674 421 sonat
690 390 852 421 Ausonio.
888 392 1004 421 Barth.

363 443 407 471 38
430 440 607 471 Rutilantes
625 440 774 480 crinibus]
798 440 1025 471 Barbarorum

322 495 450 521 turmas
465 491 551 521 (licit
574 500 592 520 a
618 492 719 521 Patre
735 490 928 520 Stilichonis
948 491 1027 521 duc-

322 545 385 572 tas.
415 541 513 572 Idem.

364 593 406 621 39
429 591 590 632 Sufficeret
615 594 708 621 natus
734 590 882 629 Stilicho]
910 591 1027 622 Patris

322 639 524 671 felicitatem
543 641 639 680 ponit
667 641 699 670 in
728 640 850 670 virtute.
876 640 965 679 Filii,
990 645 1028 670 ut

324 691 406 721 alibi
423 700 488 721 non
501 694 603 721 semel
624 692 656 721 iu
675 691 775 721 rebus
796 691 976 721 Theodosii
993 696 1028 721 et

323 740 497 772 Filiorum.
543 743 671 772 Contra
699 740 881 771 infelicitas
909 750 1028 780 paren-

323 796 409 830 tum,
425 791 638 831 degenerans
654 792 797 821 soboles.

365 840 526 882 Sit-ficeret
556 844 649 870 natus
676 839 824 878 Stilicho]
874 839 1028 868 Stilichon

324 891 448 931 passim
471 889 652 929 Pomponii
683 889 769 919 Laeti
792 887 912 918 codex.
949 897 1030 928 quo-

323 940 422 971 modo
460 941 493 971 in
535 939 643 970 veteri
678 938 901 978 inscriptione
939 937 1029 978 apud

323 991 522 1030 Gruterum,
537 1000 568 1030 p.
586 993 659 1020 110.
675 990 712 1021 L.
730 990 939 1020 Pos‘runuus
956 990 1031 1019 ST!-

324 1049 442 1073 mcou.
473 1041 518 1071 D.
537 1040 648 1070 Heius.

369 1091 460 1121 Mens
474 1092 573 1121 ardua
593 1099 711 1129 semper
726 1090 753 1120 A
775 1088 887 1129 puero]
913 1088 1029 1119 Altam

321 1141 485 1179 indolem,
513 1145 549 1171 et
580 1140 736 1180 spiritum
768 1139 942 1170 excelsum
974 1148 1029 1177 ag-

323 1191 435 1221 noscit
454 1191 486 1220 in
516 1190 677 1230 primaeva
704 1189 806 1220 etiam
833 1193 935 1219 aetate
960 1188 1030 1218 He·

325 1241 420 1271 roiim
438 1250 583 1271 suorum.
611 1240 729 1271 Barth.

367 1293 408 1321 41
434 1290 583 1321 Fortuna>
611 1289 735 1327 majoris
761 1288 866 1327 honos]
916 1288 965 1318 Ut
995 1288 1028 1318 in

326 1340 398 1379 illo,
414 1341 423 1357 ‘
442 1350 505 1371 nec
523 1344 558 1370 te
574 1341 672 1379 Troja
688 1339 802 1379 capit.’

369 1391 503 1421 Erectus
528 1393 558 1420 et
581 1390 665 1430 acer]
688 1389 842 1427 Tacitus,
866 1388 908 1418 de
933 1387 1030 1426 Agri-

326 1442 403 1473 cola
425 1441 535 1471 adlmc
553 1449 679 1479 puero:
703 1439 712 1454 ‘
731 1438 865 1468 scilicet
888 1437 1030 1469 sublime

327 1500 366 1522 ac
380 1494 532 1521 erectum
552 1488 724 1529 ingenium
741 1488 1030 1528 pulchritudinem

327 1551 366 1572 ac
394 1540 540 1580 speciem
566 1539 712 1569 excelsae
735 1547 933 1577 magna—que
961 1537 1031 1576 glo-

326 1592 387 1622 riae‘
403 1589 633 1621 vehementius
658 1597 756 1627 quam
775 1592 874 1617 caute
890 1591 1031 1625 appete·

326 1641 409 1671 bat.'
444 1640 537 1677 Acer,
571 1638 793 1668 Constantem
822 1637 855 1666 in
880 1636 1031 1676 urgendo

326 1689 504 1732 proposito
536 1687 701 1726 designat.
758 1687 905 1725 Erectus,
940 1695 1031 1725 mag-

326 1741 498 1772 nanimum
515 1738 605 1769 omni
622 1748 695 1768 aevo
714 1738 814 1768 valet.
840 1737 953 1768 Barth.

369 1793 411 1821 42
430 1791 487 1820 Nil
503 1789 592 1819 breve
608 1787 726 1827 moliri]
745 1787 901 1819 Animum
919 1788 1030 1818 excel-

327 1851 399 1872 sum
418 1850 484 1871 non
501 1839 674 1879 applicare
693 1838 793 1868 rebus
815 1837 958 1877 frivolis,
975 1842 1032 1868 aut

327 1890 466 1922 minoris
483 1889 656 1920 momenti.

374 1942 431 1972 Nil
445 1940 548 1979 breve]
570 1939 755 1977 Minutum,
773 1939 943 1977 exiguum.
969 1939 1031 1969 Cui

329 1991 535 2022 contrarium
566 1989 682 2027 moliri,
714 1988 803 2029 quod
828 1993 952 2019 conatu
984 1989 1032 2019 in-

329 2042 423 2082 genti
446 2041 574 2082 aliquid
600 2040 739 2080 aggredi
756 2039 924 2078 designat.
962 2040 1032 2070 Ho-

329 2093 456 2123 ratius:
482 2094 490 2108 ‘
510 2092 645 2123 Quanto
677 2090 802 2120 rectius
828 2089 891 2128 uic,
913 2091 969 2130 qui
986 2090 1031 2120 nil

330 2142 467 2174 molitur
484 2142 599 2180 inepte
614 2140 634 2170 !'

376 2193 435 2223 Nil
459 2191 548 2221 bret-e
576 2191 691 2230 moliri]
717 2192 772 2221 Nil
796 2191 955 2229 exiguum
974 2197 1031 2222 aut

331 2252 473 2284 parvum
494 2242 612 2272 moliri.
648 2242 770 2272 Posset
787 2247 897 2272 tannen
914 2248 949 2273 et
966 2243 1032 2282 legi

333 2292 393 2323 Nil
423 2293 485 2323 lere
516 2292 636 2321 moliri:
677 2302 742 2331 quo
775 2292 895 2322 alludit
925 2293 1033 2332 glossa

333 2341 460 2374 codicis
479 2342 586 2379 Regii,
602 2342 657 2381 qui
680 2352 780 2379 super
805 2341 841 2371 τὸ
864 2342 952 2372 breve
979 2342 1033 2372 ad·

331 2392 494 2433 scriptum
512 2393 629 2429 habet,
646 2393 677 2421 id
694 2396 751 2429 est,
768 2393 920 2422 instabile.
957 2393 1033 2422 Lib.

333 2453 373 2476 11.
389 2444 399 2460 ⁴
417 2443 514 2474 futile
539 2453 579 2473 ne
604 2443 683 2482 quid
712 2442 950 2483 Infirnnunque
978 2453 1034 2483 gc-

334 2492 410 2524 ras.'
435 2493 479 2524 D.
499 2493 610 2523 Heius.

377 2543 511 2574 Hoercre
542 2547 701 2583 potentum
744 2542 931 2582 Liminibus]
974 2543 1034 2573 Uti

335 2594 644 2626 emendicabundus
687 2592 857 2624 fortunam
900 2603 1035 2633 prospe-

336 2645 470 2676 riorem.
504 2645 617 2674 Barth.

378 2698 420 2726 43
446 2694 608 2734 Fastisque
631 2694 728 2734 loqui]
767 2693 885 2724 Indole
909 2693 1037 2724 Consu-

335 2746 411 2787 lari,
421 2755 496 2787 quae
509 2744 666 2787 proxima
676 2744 922 2785 Imperatoriae.
940 2745 1037 2777 Idem.

1026 198 1075 227 {N
1111 198 1183 227 CL.
1216 197 1396 227 CLAUD.
1427 197 1541 227 XXI.

1120 291 1265 330 Fatis-que
1300 290 1380 330 loqui
1407 290 1477 327 jam
1513 290 1609 329 digna
1638 289 1778 329 futuris]

1077 342 1168 372 Fatis
1193 351 1254 381 pro
1275 341 1432 371 fortuna:
1457 341 1504 371 sic
1530 340 1708 380 legendum
1736 350 1779 372 ex

1079 391 1237 429 lumensi,
1253 392 1394 431 Gyrald.
1411 392 1510 431 prim.
1524 392 1602 421 Vat.
1620 395 1654 421 et
1671 390 1781 422 tribus

1078 441 1162 471 aliis.
1186 442 1286 479 vulgo
1298 441 1470 481 fastisque.
1498 441 1545 471 sic
1562 445 1596 471 et
1613 441 1781 471 v1.()ons.

1080 491 1169 521 Hon.
1198 491 1206 506 ‘
1226 492 1354 530 magnis
1379 491 1497 521 docuit
1522 491 1713 530 pra·ludere
1736 489 1784 520 fa-

1079 540 1144 571 tis!
1178 541 1260 571 Pari
1278 540 1377 571 modo
1394 541 1426 571 in
1446 541 1589 581 vulgatis
1612 542 1681 572 illic
1705 550 1784 581 pec-

1078 595 1186 622 catur.
1215 601 1262 622 iv.
1282 592 1380 622 Cons.
1398 592 1564 622 Honorii:
1592 593 1600 608 ‘
1621 592 1732 632 Major
1748 595 1785 622 et

1079 641 1196 672 utilior
1225 641 1295 672 fato
1322 642 1503 681 conjuncta
1530 642 1679 681 potenti,
1704 641 1784 672 Vile

1078 691 1188 722 latens
1206 692 1349 723 virtus:'
1381 691 1542 729 ubisacto
1567 693 1668 723 etiam
1695 691 1785 731 lege·

1079 740 1190 771 batur.
1223 743 1266 773 D.
1283 742 1397 773 Heius.

1121 792 1161 819 45
1198 790 1430 830 Spondebatque
1456 792 1561 821 ducem
1592 792 1666 822 celsi
1701 791 1786 821 nitor

1078 839 1188 877 igneus
1209 839 1286 879 oris]
1310 840 1416 879 Ignea
1440 838 1549 870 forma
1570 840 1786 871 commenda-

1081 895 1136 920 tur
1153 890 1186 920 in
1202 890 1420 921 Fescenninis
1437 890 1595 922 Honorii.
1629 891 1697 922 Ubi
1714 891 1787 931 plu-

1082 941 1186 972 ribus.
1234 941 1364 971 Formae
1388 941 1477 971 inest
1502 941 1609 981 Regia
1625 940 1786 981 dignitas,

1082 996 1117 1021 et
1140 991 1213 1022 llaec
1235 991 1292 1021 illa
1316 996 1508 1021 exornatur.
1539 991 1655 1021 Barth.

1124 1044 1165 1072 46
1184 1042 1249 1072 Nec
1264 1041 1556 1081 car-minafingunt]
1574 1042 1685 1072 Etiam
1702 1041 1787 1071 Ροδ-

1082 1096 1190 1122 tarum
1204 1090 1399 1122 fictionibus
1417 1091 1689 1130 praestantiorem
1704 1094 1788 1121 tem-

1082 1141 1209 1180 perlem
1225 1141 1450 1171 membrorum
1464 1140 1558 1171 dicit.
1586 1141 1683 1171 Hanc
1696 1140 1785 1170 enim

1081 1192 1184 1221 modus
1200 1191 1261 1221 lioc
1280 1192 1352 1221 loco
1369 1191 1508 1221 indicat.
1548 1192 1644 1222 Idem.

1126 1241 1428 1281 Carminaflngunt]
1447 1241 1582 1279 Fingent
1601 1247 1667 1271 tres
1681 1241 1786 1281 scrip-

1083 1291 1120 1320 ti.
1156 1290 1245 1321 Puto
1264 1290 1394 1331 fingant
1427 1301 1502 1321 cum
1531 1292 1699 1322 Palatino.
1740 1292 1785 1321 D.

1084 1339 1198 1370 Heins.

1116 1392 1157 1418 47
1183 1391 1255 1419 Alte
1282 1390 1475 1428 gradereris]
1509 1391 1686 1421 Incessum
1716 1391 1786 1421 He-

1084 1438 1216 1469 ro'l'cum
1233 1441 1333 1470 celsae
1361 1445 1500 1471 staturae
1523 1447 1558 1472 et
1581 1443 1787 1481 speciosissi-

1083 1499 1136 1519 mo
1150 1490 1395 1529 vultuijungit.

1126 1539 1214 1579 Alte]
1252 1540 1336 1570 Cum
1369 1541 1551 1580 majestate
1581 1548 1617 1572 et
1648 1542 1784 1573 decore.

1084 1590 1199 1621 Barth.

1124 1643 1166 1670 48
1202 1641 1350 1671 Cedentes
1374 1640 1501 1680 spaciis]
1543 1641 1619 1671 Hoc
1651 1651 1785 1682 quoque

1084 1699 1161 1720 cum
1186 1690 1437 1721 assurrectione
1461 1692 1596 1721 honoris
1617 1691 1721 1722 delati
1738 1692 1786 1722 in-

1084 1740 1218 1770 dicium.

1125 1791 1404 1830 Assurgentesque]
1430 1791 1547 1821 Honos
1563 1791 1698 1822 habitus
1715 1792 1787 1833 dig-

1084 1841 1238 1872 nioribus
1270 1851 1373 1881 penes
1405 1842 1585 1872 Romanos.
1635 1842 1737 1883 Isque
1766 1853 1785 1874 a

1084 1891 1202 1922 Poetis
1216 1892 1420 1923 adscribitur
1433 1892 1533 1922 ctiam
1552 1893 1667 1932 primis
1682 1893 1788 1923 homi-

1084 1941 1194 1972 nibus.
1242 1941 1418 1973 Juvenalis
1449 1942 1489 1971 de.
1522 1941 1571 1972 his
1598 1942 1670 1972 Sat.
1705 1951 1785 1974 xiii.

1083 1991 1307 2022 ‘Credebant
1345 1992 1407 2022 hoc
1443 1992 1571 2029 grande
1611 1991 1717 2031 nefas,
1750 1997 1785 2022 et

1084 2047 1191 2072 morte
1224 2042 1396 2081 piandum,
1435 2042 1469 2071 Si
1496 2042 1632 2081 juvenis
1668 2043 1784 2073 vetulo

1083 2101 1148 2122 non
1166 2091 1422 2122 assurrexerat!
1454 2092 1569 2122 Barth.

1125 2144 1168 2172 40
1195 2142 1295 2172 Taciti
1316 2141 1471 2181 suffragia
1495 2141 1594 2181 vulgi]
1618 2142 1695 2173 Jam
1712 2152 1789 2173 ocu·

1085 2191 1123 2221 lis
1147 2191 1292 2221 omnium
1322 2190 1491 2220 notabaris
1518 2190 1650 2221 futurus
1675 2191 1787 2231 Impe-

1086 2246 1190 2279 rator,
1208 2240 1377 2279 Principis
1400 2239 1522 2276 affinis,
1539 2244 1600 2270 occ.
1640 2241 1714 2271 Nec
1738 2242 1784 2272 ul-

1086 2292 1137 2321 lus
1154 2295 1226 2321 erat
1243 2291 1299 2330 qui
1318 2290 1376 2320 tibi
1395 2299 1459 2319 non
1477 2289 1618 2320 faveret.
1646 2291 1741 2320 Idem.

1128 2344 1170 2371 50
1194 2341 1344 2371 Reddidit
1372 2340 1457 2379 aula]
1494 2340 1596 2370 Velut
1621 2339 1787 2372 debitum.

1087 2394 1182 2424 Idem.

1129 2442 1281 2472 Reddidit
1296 2442 1381 2482 aula]
1406 2441 1521 2472 Debuit
1549 2441 1691 2481 Gyrald.
1721 2443 1788 2474 Lu-

1087 2502 1177 2523 cenS.
1205 2497 1239 2522 ct
1257 2492 1409 2523 undecim
1439 2493 1516 2522 alii:
1545 2492 1633 2523 sorte
1655 2494 1790 2531 adalim

1088 2543 1139 2573 vel
1160 2543 1306 2582 prabuz'e,
1334 2543 1383 2572 vel
1412 2542 1555 2572 credidit.
1585 2542 1678 2572 Infra
1706 2544 1727 2573 l.
1750 2553 1789 2576 u.

1087 2593 1204 2624 ‘Quid
1239 2602 1304 2623 non
1340 2593 1529 2632 intrepidus
1567 2593 1695 2629 credas,
1736 2594 1789 2624 cui

1088 2643 1180 2681 regia
1207 2649 1279 2673 tuto
1311 2643 1502 2673 Creditur?
1538 2642 1653 2673 Debuit
1676 2649 1790 2674 tamen

1089 2705 1150 2725 nec
1183 2700 1309 2725 temere
1340 2694 1550 2734 mutandum,
1577 2695 1647 2726 hoc
1665 2699 1717 2726 est
1746 2704 1791 2726 ex

1089 2745 1206 2776 debito
1235 2744 1393 2777 contulit.
1450 2745 1544 2776 Uuus
1570 2745 1694 2779 Petav.
1720 2755 1792 2777 con·
