1859 3148
362 171 472 212 1488

361 277 571 317 palmarum!
631 278 740 318 Epist.
789 277 830 307 ad
875 277 1032 308 Serenam
1050 287 1057 307 :

358 331 367 344 ⁸
388 328 547 359 Fluctuat
561 333 595 359 et
614 330 731 367 glauca
750 328 884 368 pinguis
903 329 992 357 oliva
1007 338 1060 357 (¹0-

358 378 437 409 ma.'
460 380 532 411 Lib.
557 390 595 411 ii.
612 380 654 411 ‹le
672 381 774 420 Rapt.
804 381 813 397 ‘
833 380 991 410 Fluctuat
1006 379 1059 409 hic

356 430 460 461 denso
470 433 800 471 crispatacacumine
815 431 942 463 buxus?
953 431 1058 462 Rutil.

357 481 475 513 ltiner.
499 484 507 499 ‘
523 482 695 522 Pineaque
727 482 890 512 extremis
914 481 1057 512 fluctuat

355 532 472 562 umbra
488 531 606 563 fretis.’
651 534 792 571 Seneca,
817 533 966 564 Hercule
991 533 1056 562 Fu-

356 582 465 613 renti:
491 584 499 599 ‘
516 583 590 613 Nec
609 582 725 613 adulta
750 583 815 612 leni
836 581 979 613 fluctuat
995 582 1056 612 Ze-

356 632 462 672 phyro
480 632 602 668 seges!
625 634 681 663 Sic
699 638 732 662 et
761 635 876 663 undare
893 633 935 662 de
960 632 1055 662 arbo-

354 681 444 712 ribus
474 682 597 721 poetae.
633 682 802 723 quomodo
831 682 919 722 apud
945 683 1057 713 Maro-

354 741 429 763 nem
444 743 451 762 :
466 733 474 749 ‘
494 733 646 773 Etjuvat
661 733 845 763 undantem
859 732 948 763 buxo
960 743 1055 772 spec-

353 787 426 812 tare
443 781 633 822 Cytorum?
658 782 702 812 D.
718 782 829 812 Heius.

393 834 457 862 272
473 832 572 862 Dives
583 832 679 870 equis,
683 832 770 868 felix
779 830 937 870 pecorum]
955 831 1054 870 Equis

351 889 435 910 unns
463 880 621 911 Ambros.
655 881 759 919 pecori
802 879 904 909 etiam
934 880 1053 919 scripti

350 929 422 960 sere
439 939 566 961 omnes.
581 929 695 960 Oxou.
713 930 797 969 Reg.
815 929 941 969 primus
959 929 1053 962 Med.

347 981 477 1019 pecoris.
515 981 607 1020 Lego
624 980 724 1011 Dices
738 981 818 1020 equi,
825 980 910 1018 felix
923 982 1051 1020 pecoris.

348 1030 411 1060 nisi
432 1030 537 1060 mavis
561 1040 669 1070 equum
687 1040 747 1070 pro
764 1041 926 1071 equorum:
955 1035 990 1062 ut
1017 1033 1050 1062 in

348 1080 406 1110 illo
422 1081 634 1121 Virgiliano:
660 1082 668 1095 ⁴
686 1081 789 1110 Dives
804 1090 940 1121 equum,
956 1081 1050 1112 dives

348 1129 453 1169 pictai
470 1131 573 1161 vestis
590 1137 623 1160 et
642 1131 736 1161 auri.’
760 1131 857 1161 Idem.

390 1181 534 1211 Pretiosa
549 1181 631 1221 picto
651 1179 823 1219 Marmore]
863 1180 1049 1222 Phrygium

344 1241 491 1262 marmor
507 1232 669 1263 celebrat.
694 1231 810 1262 Barth.

387 1284 449 1312 273
474 1281 648 1321 Purpureis
670 1282 749 1311 cedit
765 1280 814 1311 cui
830 1279 976 1320 Synnada
1001 1292 1047 1312 re-

345 1332 408 1372 nis]
431 1331 580 1372 Synnada
607 1341 668 1371 pro
693 1331 828 1371 Syrmus,
855 1334 892 1361 ut
916 1332 1047 1362 Persida

344 1391 405 1421 pro
425 1382 541 1421 Persis,
555 1378 591 1411 et
607 1380 729 1410 similia
744 1379 833 1419 apud
852 1380 1046 1419 posterioris

344 1431 405 1462 aevi
431 1431 634 1471 scriptores:
659 1430 719 1459 sed
744 1429 815 1467 quis
840 1433 908 1458 tam
926 1429 1045 1459 barba-

343 1492 415 1513 rum
433 1482 548 1513 credat
566 1479 814 1511 Claudianum?
831 1478 958 1518 Scripti
973 1480 1043 1520 qui-

341 1533 417 1563 dam
434 1532 495 1562 Cui
511 1532 604 1562 cedit.
650 1530 741 1568 Lego
754 1530 803 1559 cui
815 1530 935 1559 cedant.
961 1530 1045 1569 Syn.

341 1592 399 1613 nas
418 1582 559 1618 Latinis,
577 1579 709 1610 Graecis
732 1578 772 1608 τὰ
795 1577 942 1609 Σύνναδα.
967 1578 1042 1609 Ste-

341 1633 493 1672 phanus:
526 1629 664 1661 Σύνναδα
690 1627 779 1659 πόλις
801 1627 942 1668 Φρυγίας.
967 1630 1041 1660 Nec

338 1683 437 1713 aliter
460 1681 582 1712 Strabo
608 1685 641 1711 et
658 1680 874 1710 Ptolemaeus.
921 1680 1041 1710 Cicero

339 1732 476 1770 Catoni,
494 1732 602 1771 Epist.
625 1731 744 1761 Fainil.
762 1730 848 1760 libro
867 1739 927 1761 xv.
955 1733 963 1746 ‘
986 1731 1040 1760 Bi-

338 1783 439 1813 duum
456 1782 632 1813 Laodicea*
651 1780 711 1819 fui,
737 1780 858 1810 deinde
878 1780 1038 1820 Apameae

336 1834 566 1876 quatriduum,
590 1832 737 1863 triduum
758 1831 936 1870 Synnadis,
963 1832 1039 1862 toti-

337 1883 413 1915 dem
439 1885 510 1915 dies
535 1882 740 1913 Philomeli!
788 1882 861 1912 Lib.
892 1891 944 1912 Ιιι.
972 1884 1036 1923 Ep.

335 1936 366 1965 8.
390 1934 433 1964 ad
463 1932 635 1973 Appium:
661 1935 668 1947 ‘
691 1933 764 1962 Non
790 1932 981 1962 arbitrabar
1003 1938 1036 1964 te

335 1994 460 2024 genere
475 1984 537 2014 isto
553 1983 758 2023 legationum
776 1982 952 2013 delectari.
980 1983 1036 2013 Id-

334 2044 399 2076 que
416 2044 468 2064 me
486 2034 632 2064 arbitror
663 2032 828 2073 Synnadis
846 2042 907 2072 pro
931 2033 1035 2064 tribu-

332 2086 401 2117 nali
437 2086 550 2116 multis
584 2085 695 2115 verbis
731 2085 924 2124 disputasse
944 2086 962 2115 :’
1000 2091 1034 2117 et

333 2145 438 2167 mox:
468 2138 475 2151 ‘
494 2136 576 2165 Cum
602 2135 777 2173 Apameae,
807 2145 881 2165 cum
916 2136 1034 2167 Laodi-

332 2194 502 2223 ceae‚cum
531 2184 713 2224 Synnadis,
737 2194 812 2215 cum
841 2185 1034 2226 Philomeli,

332 2245 407 2266 cum
428 2236 533 2266 Iconii
551 2245 670 2272 essem,
692 2235 812 2275 quibus
842 2236 872 2265 in
899 2236 1033 2276 oppidis

332 2286 486 2316 omnibus
511 2291 737 2316 commoratus
755 2295 825 2316 sum
842 2285 863 2316 :’
890 2291 923 2316 et
942 2292 1032 2326 post-

332 2345 390 2366 ea:
426 2337 435 2352 ⁴
455 2335 575 2365 lisdem
594 2336 712 2366 diebus
731 2346 823 2366 meus
842 2343 1030 2368 convontus

330 2391 405 2417 erat
431 2386 604 2426 Apameae,
632 2386 812 2426 SynnadiS,
830 2387 1029 2426 l’hilomeli3

331 2441 408 2467 tuus
424 2437 545 2467 Tarsi)
586 2437 623 2466 In
649 2437 799 2468 Historia
819 2448 951 2478 quoque
969 2439 1029 2469 Ec-

329 2486 518 2517 clesiastica
565 2486 673 2517 Rufini
712 2488 924 2519 scribendum
965 2495 1028 2527 est,

327 2538 409 2576 apud
425 2537 582 2577 Synnada,
598 2547 662 2566 uun
681 2538 878 2577 Synnadam:
905 2539 936 2568 in
964 2540 1027 2569 Eu-

327 2586 418 2617 sebio
436 2593 483 2616 ..t
502 2587 533 2616 ἐν
550 2586 726 2618 Συννάδοις;
757 2588 844 2627 apud
878 2588 1026 2618 Pruden—

328 2635 424 2675 tium,
448 2637 502 2667 lib.
523 2646 559 2667 ιι.
585 2638 821 2676 i¹183nuna‹·h.
847 2648 1024 2677 perperam

327 2685 431 2725 vulgo
455 2687 660 2726 maculosaque.
691 2688 799 2727 Synna
828 2698 887 2727 pro
904 2688 1026 2727 Syrmus

325 2735 471 2776 legitur:
495 2747 572 2768 mox
590 2738 709 2769 Geticis
721 2739 915 2779 populatibus
932 2744 1025 2771 recte

598 182 738 213 NOTAE
773 182 1035 213 VARIORUM
1071 181 1120 211 ΙΝ
1154 181 1227 212 01..
1261 182 1441 213 CLAUD.
1476 183 1566 214 XX.

1117 275 1386 316 Rapheleugius:
1411 276 1530 316 scripti
1558 275 1714 308 meliores
1737 286 1814 308 con-

1110 325 1254 356 firmant.
1279 326 1321 357 D.
1340 326 1452 357 Heius.

1151 381 1214 409 279
1240 380 1389 410 Partibus
1403 380 1483 419 Idoe]
1521 379 1663 419 Rupibus
1690 379 1813 419 lsingr.

1112 430 1253 460 Lucens.
1271 430 1413 470 Gyrald.
1433 431 1529 469 prim.
1548 438 1577 458 vi
1602 434 1681 458 tert.
1699 429 1813 461 Vatic-

1108 489 1183 509 cum
1211 480 1400 513 Oiseliano.
1429 486 1540 510 reete:
1568 485 1602 509 ut
1624 480 1678 509 lib.
1699 488 1753 510 111.
1769 479 1812 510 de

1109 530 1208 568 Rapt.
1233 532 1240 546 ‘
1261 531 1375 570 quales
1390 539 1452 560 nec
1468 530 1606 569 rupibus
1622 530 1692 560 ldae
1707 529 1812 561 Mira-

1108 584 1161 609 tur
1177 579 1316 611 Simois)
1353 580 1482 610 Thuan.
1500 579 1657 617 foecundis
1673 579 1810 619 rupibus,

1106 629 1213 659 Idenn

1147 682 1209 709 283
1237 680 1360 720 Turris]
1391 680 1561 711 Turritam
1588 690 1653 720 qua
1676 680 1810 720 mytho·

1106 729 1196 767 logia
1208 728 1339 767 fingant
1351 736 1492 759 matrem
1509 731 1659 760 Deorum
1677 730 1809 769 I'oetae,

1105 778 1210 808 habes
1235 779 1325 817 apud
1346 780 1539 810 Lucretium
1557 785 1592 810 et
1607 780 1809 819 Varronem,

1106 826 1201 855 nobis
1219 828 1298 856 alibi
1318 828 1514 866 productos
1538 830 1656 859 Barth.

1146 878 1210 907 284
1236 876 1387 916 Criualis]
1412 877 1524 917 Aptus
1548 878 1708 909 crinibus.
1754 879 1810 910 In-

1105 931 1240 957 cessant
1263 936 1323 957 usu
1351 928 1449 967 hujus
1468 928 1562 958 verbi
1582 929 1806 960 Claudianum

1104 978 1195 1008 acuti
1223 978 1400 1017 Censores,
1432 979 1525 1008 velut
1557 979 1719 1009 trahentis
1749 979 1807 1009 ali-

1105 1027 1183 1066 quid
1201 1027 1242 1058 de
1260 1029 1384 1059 seculo.
1432 1029 1478 1059 At
1495 1039 1560 1059 non
1579 1029 1803 1060 meminerunt

1102 1079 1251 1117 Virgilii,
1277 1079 1456 1109 scribentis
1485 1079 1624 1110 lib.v11.
1648 1080 1656 1094 ‘
1676 1080 1803 1110 Solvite

1101 1130 1246 1161 crinales
1265 1131 1379 1170 vittas,
1406 1131 1519 1171 capite
1541 1130 1635 1170 orgia
1651 1129 1804 1160 mecum.’

1103 1180 1200 1210 Idem.

1142 1233 1203 1260 285
1222 1230 1288 1261 Imo
1304 1231 1385 1261 Fixa
1398 1230 1494 1270 metu]
1515 1231 1581 1261 Uno
1596 1230 1715 1270 scripti
1731 1230 1801 1261 fere

1099 1290 1225 1311 omueS.
1271 1281 1368 1311 Bello
1385 1282 1465 1312 Get.
1488 1283 1495 1297 ‘
1511 1291 1593 1322 quos
1605 1286 1682 1311 aute
1701 1290 1798 1321 pares

1098 1329 1259 1361 effecerat
1277 1340 1342 1360 una
1369 1331 1469 1361 Nube
1490 1330 1611 1361 timor.’
1656 1331 1798 1368 Statius,

1097 1380 1200 1411 Theb.
1228 1381 1313 1410 libro
1330 1390 1354 1410 1.
1389 1381 1397 1396 ‘
1416 1381 1457 1410 Et
1477 1381 1610 1419 populis
1628 1389 1715 1411 mors
1733 1390 1798 1410 una

1098 1428 1216 1458 venit.’
1248 1428 1351 1459 Theb.
1366 1438 1413 1459 Vi.
1437 1429 1529 1468 ‘jam
1548 1439 1639 1460 carco
1658 1431 1797 1469 pulvere

1097 1479 1194 1508 mixti
1225 1479 1299 1509 Una
1331 1479 1362 1508 in
1395 1479 1481 1508 nube
1515 1479 1644 1509 latent!
1691 1480 1795 1510 Theb.

1097 1537 1178 1558 viu.
1201 1528 1281 1558 ‘Sic
1310 1529 1365 1558 ubi
1393 1539 1451 1568 per
1469 1527 1588 1558 fluctus
1619 1539 1684 1559 uuo
1713 1530 1795 1560 ratis

1094 1578 1214 1608 obruta
1242 1588 1357 1609 somno
1389 1579 1585 1610 Conticuit.'
1622 1580 1728 1610 '111eb.
1758 1588 1794 1610 x.

1092 1628 1100 1643 ‘
1120 1627 1195 1657 Una
1210 1637 1325 1658 omues
1342 1628 1528 1667 eademque
1546 1628 1792 1660 subitformido

1093 1687 1153 1717 per
1171 1687 1277 1707 annos
1292 1677 1312 1708 :’
1337 1683 1371 1708 et
1397 1678 1544 1708 ibidem:
1571 1680 1578 1695 ‘
1599 1679 1791 1720 pariterque

1091 1728 1227 1759 horrore
1245 1728 1307 1759 sub
1324 1738 1388 1759 uno
1406 1729 1496 1767 Vox,
1521 1729 1624 1766 acies,
1640 1729 1791 1769 sanguis-

1091 1790 1155 1820 que
1184 1780 1294 1821 perit.‘
1338 1781 1448 1812 Theb.
1469 1790 1533 1812 xii.
1567 1784 1575 1797 ‘
1595 1786 1696 1821 atque
1723 1791 1789 1812 uno

1090 1832 1201 1862 vultus
1219 1833 1346 1870 pallore
1363 1831 1489 1869 gelati!
1514 1833 1558 1862 D.
1575 1832 1686 1863 Heius.

1131 1886 1191 1915 287
1218 1884 1306 1914 Irata
1329 1884 1486 1924 proffitar]
1526 1884 1685 1914 Commota
1708 1883 1788 1914 libri

1088 1933 1254 1972 meliores,
1271 1940 1304 1964 et
1325 1943 1398 1964 mox
1413 1936 1582 1971 granda’ra
1600 1944 1659 1974 pro
1675 1935 1788 1973 longor—

1086 1994 1142 2014 ται
1179 1985 1225 2015 sic
1261 1989 1268 2002 ‘
1287 1984 1360 2016 fera
1391 1985 1583 2016 vulneribus
1619 1989 1788 2015 commota

1086 2034 1153 2064 ruit
1169 2034 1188 2065 ε’
1227 2040 1262 2065 et
1300 2036 1308 2050 ⁴
1333 2035 1518 2065 Commotae
1554 2036 1785 2075 glomerantur

1086 2085 1188 2124 apes.²
1233 2085 1307 2117 Lib.
1326 2094 1365 2116 11.
1392 2085 1424 2115 in
1455 2085 1564 2117 Rufiu.
1591 2085 1705 2116 Laude
1728 2085 1787 2116 Se-

1085 2144 1194 2165 renae:
1229 2137 1238 2152 ‘
1257 2146 1400 2176 cumque
1427 2137 1499 2176 ipsa
1525 2137 1661 2166 timeret
1686 2137 1784 2167 Com-

1084 2190 1209 2216 motum
1227 2187 1388 2217 Flaccilla
1406 2186 1535 2217 virum?
1563 2188 1659 2216 Idem.

1125 2239 1185 2267 291
1207 2237 1404 2277 Quantasque
1416 2238 1563 2267 cadavera
1575 2238 1651 2266 lenti
1666 2237 1782 2267 Maean-

1082 2287 1132 2317 dri
1146 2298 1274 2327 passura
1302 2289 1415 2329 moras]
1453 2288 1531 2318 Fuit
1558 2298 1631 2317 cum
1660 2289 1779 2328 reponi

1082 2336 1208 2367 debore.
1246 2337 1442 2375 arbitrarer,
1472 2341 1658 2378 quantasque
1691 2339 1781 2368 cada·

1079 2397 1149 2418 vere
1181 2388 1281 2418 lentus
1314 2388 1476 2418 Moeander
1510 2397 1635 2427 passure
1668 2397 1778 2418 moras,

1080 2437 1186 2468 Idem.

1121 2492 1183 2519 292
1209 2488 1376 2519 Immobilis
1391 2489 1486 2518 hoeret
1506 2487 1679 2526 Terminus]
1711 2487 1776 2518 Lu-

1078 2540 1218 2576 cretius,
1235 2539 1291 2568 lib.
1312 2548 1336 2568 i.
1354 2538 1527 2577 Virgilius,
1544 2538 1598 2567 lib.
1617 2546 1666 2567 iv.
1693 2538 1776 2568 Bar-

1075 2590 1170 2619 Illius.

1118 2642 1179 2669 294
1207 2638 1316 2678 Paret]
1352 2638 1427 2669 Hoc
1445 2644 1512 2669 tam
1538 2637 1644 2668 flebili
1660 2637 1773 2669 funes-

1075 2694 1178 2730 toque
1195 2691 1315 2720 omine.
1342 2690 1438 2721 Idem.

1119 2740 1214 2770 Paret
1227 2740 1379 2781 finitimis
1402 2739 1516 2779 luctus]
1549 2740 1614 2770 Par
1635 2742 1663 2770 cl
1683 2739 1771 2770 Livi-
