1859 3148
365 182 479 224 1494

363 285 454 318 orbus
491 286 582 327 apud
622 285 724 316 Ovid.
762 288 797 314 et
833 283 965 314 similia.
1022 284 1065 314 D.

420 346 478 368 ms,

365 336 468 418 Η224
492 384 680 425 Abruptum]
715 384 890 422 Praeceps,
918 391 1065 422 pessum.

366 436 484 468 Barth.

607 192 748 223 NOTAE
783 191 1047 221 VAR10RUM
1080 190 1132 220 IN
1165 189 1242 220 ct..
1273 189 1457 219 CLAUD.
1491 189 1583 220 XX.

1159 285 1221 314 435
1247 282 1336 313 Inter
1346 281 1433 321 rina]
1455 282 1463 299 ‘
1482 281 1523 312 In
1548 280 1695 320 circulis,
1718 285 1765 321 et,
1790 281 1818 313 si

1118 334 1195 365 Diis
1213 334 1339 373 placet,
1354 333 1528 366 conviviis.
1559 337 1636 362 sunt
1651 332 1705 372 qui
1723 342 1819 363 exer-

1119 383 1222 413 citum
1237 381 1387 420 ducant,’
1411 382 1456 412 ait
1474 381 1599 412 Livius.
1629 380 1675 412 At
1690 382 1818 421 optime

1119 433 1256 464 Curtius
1271 443 1278 463 :
1302 434 1310 449 ‘
1328 430 1543 463 Circumferri
1554 440 1680 461 merum
1693 431 1820 471 largius

405 488 466 517 425
491 485 545 516 Sic
574 485 638 516 ruit
668 485 701 515 in
729 483 833 523 rupes]
872 482 1064 513 Musculnm
1111 481 1704 523 jubent‚debellamrisupermensa
1718 479 1821 511 Alex-

363 540 475 566 autem
493 535 578 565 dicit
594 535 649 575 qui
667 535 756 565 inter
771 542 891 564 saxosa
907 533 962 563 vel
990 533 1064 563 bre-

362 584 419 615 via
435 585 648 615 Balaenarum
663 584 919 624 Corpulentiam
938 593 1066 623 praegn-

361 632 493 664 bernat.
538 633 711 671 Sidonius,
740 643 770 663 v.
795 632 901 672 Epist.
918 635 969 663 13.
996 632 1064 662 Pli-

366 683 455 720 nius‚
471 683 528 712 lib.
547 691 598 713 lx.
617 693 644 713 c.
661 686 716 713 63.
741 683 838 713 Idem.

410 735 475 764 426
501 734 561 764 Cui
575 733 712 773 proeeius
727 734 830 763 edocet
847 731 959 771 undas]
994 731 1066 762 Imo

362 782 508 822 quicum
526 783 622 822 prim.
640 782 753 813 Vatic.
771 786 805 812 et
818 781 888 811 aliis
902 787 1066 821 quatuor:

365 839 445 860 mox
469 831 560 861 idem
577 831 693 861 Varie.
720 834 808 861 tanto
830 830 989 867 conjungit
1007 829 1068 866 foe-

361 880 434 910 dere
451 883 638 909 monstrum.-
657 881 734 918 lege
750 881 880 909 tuntum.
896 877 1067 908 D.Heins.

406 931 468 960 427
494 928 694 968 Immensum]
724 928 918 968 Vegrande,
942 927 1067 967 longis-

361 978 494 1010 simum.

407 1028 519 1068 Pecus]
546 1029 738 1059 Monstrum
770 1027 947 1058 marinum.
995 1026 1066 1057 Ho-

363 1078 491 1109 ratius:
514 1078 523 1095 ‘
542 1078 652 1109 Omne
681 1088 757 1108 cnm
786 1077 934 1108 Proteus
962 1086 1065 1117 pecus

367 1128 438 1168 egit
456 1128 541 1158 altos
554 1129 677 1159 Visere
694 1126 851 1158 montes.’
877 1127 995 1157 Barth.

405 1181 468 1209 428
494 1179 671 1219 Temperat]
706 1177 920 1217 Moderatur‚
945 1177 1066 1217 gnber-

363 1233 432 1259 nat.

409 1277 594 1318 Conjungit]
628 1278 748 1318 Jungit
775 1276 905 1308 foedera
932 1276 1066 1307 tantilla

363 1336 414 1358 res
431 1337 506 1358 cum
525 1332 590 1358 tam
608 1327 743 1357 immani
761 1332 922 1357 monstro.
949 1326 1066 1356 Barth.

405 1380 469 1408 429
493 1378 554 1408 Illa
569 1377 672 1417 natat]
686 1377 818 1408 Amisso
836 1377 930 1416 pisce
946 1375 1066 1413 sodali,

363 1427 452 1468 quod
471 1428 570 1458 modo
587 1428 683 1456 dixit.
710 1428 807 1456 Idem.

406 1481 468 1508 430
495 1474 672 1515 Deprensa]
695 1475 726 1505 A
750 1473 826 1505 navi
845 1483 920 1514 quae
947 1472 1068 1513 depre-

361 1526 463 1556 hendi
476 1526 603 1557 (licitur
615 1535 691 1556 cum
704 1528 756 1555 est
768 1523 927 1554 fiuctibus
939 1523 1065 1552 inacta.

365 1577 464 1608 Idem.

404 1629 465 1658 431
497 1626 596 1656 Vanos
611 1624 743 1665 scopulis
754 1623 849 1654 illidit
865 1623 983 1664 hiatus]
1005 1624 1065 1654 Va-

360 1685 430 1706 cuos
455 1675 546 1715 prior
577 1674 716 1705 Moreti.
735 1674 793 1704 lib.
822 1683 861 1704 11.
888 1674 922 1703 in
951 1673 1063 1704 Rufiu.

362 1727 371 1741 ‘
391 1735 499 1757 vacuo
517 1725 626 1766 qualis
654 1724 802 1755 discedit
816 1723 909 1755 hiatu
925 1724 1065 1764 Impati-

362 1784 420 1805 ens
437 1784 589 1806 remeare
606 1774 683 1805 leo.’
728 1774 835 1804 Paulo
853 1778 931 1804 ante
954 1775 1065 1813 ignaru

362 1826 504 1865 natandi,
532 1825 629 1866 prim.
656 1824 769 1855 Vatic.
787 1834 852 1855 uon
867 1825 993 1855 reverti.
1018 1826 1063 1855 D.

365 1876 485 1907 Heius.

405 1929 469 1957 432
493 1924 786 1964 Simulurefugum]
808 1924 897 1956 Sane
920 1925 1065 1956 miserri-

365 1986 437 2007 mus
454 1976 507 2007 hic
532 1976 681 2007 Comedo
707 1976 754 2006 ita
775 1975 943 2016 deceptus
969 1980 1021 2007 est
1047 1986 1066 2006 a

362 2027 502 2058 sollerte
533 2027 652 2057 talium
682 2026 844 2066 Barbare,
876 2027 903 2056 si
932 2026 1065 2067 quidem

365 2088 447 2109 vera
462 2082 616 2109 recenset
632 2077 851 2108 Claudianus.

406 2129 576 2168 flatusque
591 2128 718 2167 Leonis]
753 2128 961 2159 Jactautiam
973 2129 1065 2159 stoli-

364 2178 453 2218 dam,
469 2183 635 2208 tumorem
652 2178 916 2218 imprudentem,
928 2188 945 2209 a
963 2178 1064 2209 rebus

361 2229 453 2260 inani
482 2232 586 2259 vento
618 2228 838 2259 tumentibus.
894 2229 1067 2269 Horatius,

363 2279 422 2310 lib.
440 2289 479 2310 11.
493 2280 705 2319 Satyrarum‚
731 2279 803 2310 Sat.
821 2289 853 2309 v.
877 2280 885 2296 ‘
900 2280 1064 2311 Crescen-

364 2335 434 2361 tem
451 2330 586 2362 tumidis
602 2329 682 2361 infla
698 2330 909 2361 sermonibus
933 2331 1064 2362 utrem.'

370 2380 482 2410 Barth.

406 2431 573 2471 Flutusque
602 2431 713 2461 Leonis
741 2430 802 2471 Spe
818 2431 940 2461 nutrire
968 2431 1063 2471 lares]

362 2481 455 2513 Levis
470 2483 502 2512 in
521 2482 634 2513 multis
650 2487 824 2513 veterum:
842 2482 944 2512 etiam
956 2482 989 2512 in
1005 2482 1064 2512 Oi-

363 2532 513 2569 seliano;
537 2532 596 2563 sed
621 2533 682 2571 sic,
709 2537 775 2563 uts
799 2532 831 2563 in
847 2532 923 2562 levis
947 2536 1064 2572 postea

364 2587 455 2612 esset
471 2582 638 2613 deletum:
657 2582 699 2612 de
715 2582 903 2622 cujusmodi
915 2581 1064 2612 hiatibus

364 2632 494 2671 egimus
509 2631 596 2664 libro
619 2641 674 2664 111.
690 2632 723 2662 in
739 2632 974 2672 Stilichonem,
991 2634 1062 2663 167.

367 2683 407 2712 D.
429 2682 536 2713 Heius.

1117 531 1282 563 an(lrnm.'
1309 532 1432 562 Cim-er.

1158 585 1222 613 438
1257 582 1332 612 Sine
1368 582 1465 622 more]

1119 632 1232 663 Barth.

1160 685 1223 713 440
1247 682 1309 712 Leo
1325 683 1427 720 durna,
1442 680 1510 720 lgm]
1539 681 1617 712 Huc
1643 680 1743 720 plane
1770 689 1820 711 re.-

1117 732 1221 771 spicit
1237 732 1318 762 illud
1332 732 1473 762 Homeri
1491 732 1532 761 ‹le
1545 731 1818 771 Agamemnone:

1122 779 1291 820 Οἶνοβαρὲς
1311 780 1399 811 κυνὸς
1422 780 1535 818 ὄμματ’
1557 780 1638 819 ἔχων
1653 779 1778 820 κραδίην
1793 781 1821 810 δ’

1123 828 1269 868 ἐλάφοιο.Δ
1287 830 1376 859 Nam
1394 830 1462 859 Leo
1477 829 1541 858 fuit
1560 830 1626 859 vini
1644 839 1767 869 gurges
1784 833 1821 860 et

1118 880 1350 911 meticulosus.
1394 879 1490 908 Tales
1528 878 1651 918 galeati
1685 879 1821 919 lepores

1119 929 1209 969 apud
1226 930 1298 959 Liv.
1314 937 1394 958 xm.
1413 928 1533 968 quibus
1551 937 1613 958 nec
1631 928 1663 957 in
1679 927 1822 959 victoria

1118 979 1222 1010 decus
1240 983 1392 1018 putatur,
1420 986 1528 1018 neque
1545 977 1579 1007 in
1596 976 1676 1017 fuga
1691 976 1820 1017 flagiti-

1118 1038 1185 1058 um.
1212 1029 1334 1058 Chii-er.

1159 1081 1222 1109 442
1246 1077 1449 1117 Cunctantiu]
1466 1076 1599 1107 Moram
1615 1086 1751 1107 coenosa
1765 1086 1819 1108 vo·

1117 1127 1235 1168 ragine
1253 1127 1427 1159 facientia.
1473 1127 1528 1157 Sic
1558 1127 1743 1157 ‘cunctans
1768 1136 1819 1159 ra-

1116 1177 1213 1215 mus‚'
1237 1177 1293 1218 qui
1312 1187 1377 1207 non
1394 1176 1494 1206 facile
1509 1175 1661 1216 sequitur
1677 1175 1819 1217 decerp-

1117 1233 1238 1259 turum.
1262 1228 1378 1258 Barth.

1159 1282 1221 1309 443
1253 1277 1410 1317 Subnixu]
1435 1278 1544 1308 Moles
1573 1277 1735 1308 videlicet
1763 1277 1820 1307 illa

1115 1328 1374 1369 speciosissima.
1400 1328 1497 1358 Idem.

1159 1380 1222 1408 446
1246 1378 1366 1407 Hosius
1390 1387 1532 1407 mucrone
1557 1377 1696 1416 corusco]
1718 1375 1819 1407 illum

1117 1436 1214 1457 suum
1232 1436 1350 1457 cocum
1374 1425 1417 1456 de
1443 1425 1672 1466 superioribus
1689 1427 1822 1467 paginis

1116 1477 1181 1507 huc
1198 1478 1354 1508 accersit.
1400 1477 1593 1516 Coquorum
1617 1481 1730 1506 autem
1749 1481 1823 1507 erat

1117 1526 1305 1567 antiquitus
1322 1531 1470 1556 mactare
1495 1526 1676 1556 animantia
1696 1526 1819 1556 culinae

1116 1575 1297 1607 destinata.
1324 1577 1417 1606 Idem.

1157 1629 1220 1657 448
1255 1627 1378 1656 Calena·
1401 1627 1532 1656 Mandet
1555 1627 1657 1666 aquae]
1686 1626 1819 1658 Quibus

1115 1676 1224 1714 elixis,
1241 1676 1431 1717 quibusque
1449 1677 1531 1707 assis
1557 1687 1641 1716 opns
1670 1677 1713 1707 sit
1735 1677 1821 1707 heri-

1115 1727 1181 1757 lem
1208 1736 1356 1757 mensam
1381 1727 1569 1764 instruere;
1595 1737 1676 1768 quas
1703 1733 1819 1767 partes

1116 1776 1147 1806 in
1165 1776 1341 1807 farcimina
1358 1777 1567 1817 compingat,
1582 1776 1708 1808 additis
1722 1776 1752 1808 ei
1771 1777 1820 1807 rei

1114 1827 1301 1858 ntibilibus.
1327 1828 1424 1858 Idem.

1157 1879 1221 1908 449
1257 1878 1367 1908 Cutem
1390 1878 1546 1908 distendat
1574 1876 1707 1916 Echino]
1740 1877 1819 1908 Non

1115 1927 1232 1966 inepte
1271 1926 1313 1957 de
1345 1928 1416 1958 ovis
1446 1927 1650 1958 Echinon-um
1689 1927 1819 1965 Delrio,

1115 1977 1235 2018 quibus
1257 1987 1363 2008 assam
1381 1978 1513 2008 suillam
1537 1977 1622 2008 dicit
1645 1978 1744 2008 istum
1769 1987 1820 2008 sa-

1115 2027 1360 2067 pientissimum
1387 2037 1542 2058 cocorum
1572 2027 1695 2058 farcire
1727 2027 1819 2058 volu-

1116 2078 1180 2108 isse
1206 2078 1423 2109 Claudianus.
1470 2078 1616 2108 Echinos
1643 2077 1733 2116 ipsos
1751 2086 1818 2107 ma-

1116 2128 1206 2159 rinos
1224 2129 1389 2159 salutares
1415 2126 1604 2158 fastidienti
1633 2127 1819 2166 stomacho,

1114 2179 1336 2219 levandaeque
1355 2178 1486 2216 vesicae,
1510 2181 1628 2207 auctor
1645 2182 1698 2207 est
1720 2177 1822 2208 [Elia-

1115 2239 1187 2268 nns,
1202 2229 1260 2260 lib.
1277 2238 1352 2259 xn'.
1369 2228 1410 2258 de
1428 2227 1572 2257 Animal.
1589 2236 1618 2256 e.
1635 2229 1665 2256 4.
1693 2231 1727 2256 et
1755 2235 1818 2266 per

1117 2279 1280 2316 Echinum,
1307 2277 1431 2308 fartum
1457 2276 1651 2317 quorumvis
1673 2275 1820 2307 farcimi-

1114 2339 1193 2359 num
1217 2328 1422 2367 intelligere‚
1451 2336 1525 2357 cum
1550 2335 1710 2365 omasum,
1726 2326 1817 2367 quod

1114 2379 1215 2410 Latio
1243 2379 1402 2419 pinguem
1433 2376 1534 2406 talem
1562 2376 1682 2406 molem
1711 2381 1820 2416 notat,

1115 2429 1218 2466 ἐχῖνον
1249 2428 1339 2458 inter
1371 2431 1497 2457 caetera
1529 2426 1678 2456 dixerint
1713 2427 1817 2458 etiam

1114 2479 1243 2511 Gravi.
1268 2478 1365 2508 Idem.

1156 2531 1218 2559 :150
1253 2528 1382 2566 flagrat
1410 2525 1498 2566 opus]
1532 2527 1540 2542 ‘
1560 2527 1682 2557 Fervet
1707 2526 1816 2566 opus.’

1113 2579 1233 2618 Vir-gil.

1158 2629 1291 2667 flagrat
1323 2629 1410 2669 opus]
1453 2628 1518 2658 Vel
1552 2628 1662 2657 Fert-ct
1687 2627 1814 2667 primns

1115 2679 1311 2710 Vaticanus.
1339 2678 1507 2720 quomodo
1536 2677 1708 2718 Virgilius.
1739 2686 1814 2708 mox

1511 579 1614 611 Omni
1651 580 1819 621 exemplo.
