1859 3148
350 134 464 176 1662

392 244 456 272 359
491 241 690 280 Impexosquc
723 236 830 275 senes]
864 235 1044 275 Virgilius:

348 294 358 310 ⁴
375 291 532 323 Terribili
549 291 701 331 squalore
715 289 847 319 Charon
872 286 925 316 cui
944 286 1046 325 pluri-

349 351 404 372 ma
430 346 543 372 mento
581 339 734 371 Canicies
770 336 897 366 inculta
927 334 1045 375 jacet!

348 391 481 422 Auctor
498 390 689 430 nuptiarum
708 385 908 423 infelicium,
931 390 967 416 ut
987 384 1046 416 Ju·

349 441 439 481 piter
454 446 699 480 prosperarum.
739 435 855 465 Barth.

395 491 551 530 Impurum
581 485 736 524 frontem]
774 485 829 515 Ita
866 484 940 515 libri
974 484 1046 515 fere.

348 549 476 574 omnes,
507 537 568 566 nisi
594 535 682 575 quod
706 535 737 564 iu
766 534 966 573 quibusdam
990 535 1047 565 im-

343 591 490 629 plemam,-
513 586 601 626 quod
618 584 831 616 doctissimus
855 584 1046 615 Gronovius

346 636 507 667 ‹liatribcs
525 635 686 665 Statianae
703 643 777 673 cap.
795 635 846 663 17.
869 633 1045 673 amplexus

347 691 409 717 est.
453 685 562 723 Vulgo
590 684 728 724 impexos
755 684 864 714 crines.
892 683 1046 722 impexam

337 737 475 775 frontem
490 736 590 775 dixit,
601 734 766 776 quomodo
780 733 941 773 Virgilius
957 733 966 748 ‘
983 732 1044 762 Ca-

345 787 461 817 nitiem
478 785 651 816 incultam’
667 785 709 814 de.
723 783 841 814 eodem
855 782 1044 813 Charonte:

346 837 398 867 cui
415 840 449 867 et
467 837 620 876 impexam
647 834 772 865 barbam
795 834 927 864 Seneca
949 832 1046 863 dedit

344 887 495 917 Hercule
523 887 674 916 Furente
690 896 696 915 :
721 886 729 901 ⁴
746 883 962 923 Pavidosque
979 891 1045 912 ma-

343 945 402 967 nes
426 937 609 978 squallidus
626 938 741 966 vectat
755 943 869 965 senex.
902 933 1046 974 Impexa

345 987 473 1026 pendet
489 985 618 1017 barba?
653 985 697 1016 D.
714 984 826 1014 Heius.

387 1039 445 1067 361
476 1037 671 1066 l'rocesserat
689 1033 862 1074 Hesperus]
890 1032 981 1063 Ante
999 1032 1043 1061 vi-

345 1096 418 1116 sum
440 1086 526 1115 enim
552 1085 614 1115 hoc
642 1084 734 1114 sidus
757 1081 852 1113 nefas
878 1082 1044 1121 putabant

345 1146 502 1177 sponsum
521 1135 623 1175 potiri
641 1144 774 1174 sponsa.
798 1133 915 1164 Barth.

388 1186 471 1217 Suus
487 1184 659 1224 Hesperus]
685 1184 798 1214 Noctu
817 1187 946 1213 tantum
963 1192 1045 1222 nup·

344 1240 389 1267 tae
421 1236 499 1266 olim
537 1234 747 1264 ducebantur
784 1231 826 1262 ad
864 1231 1044 1261 maritum:

343 1285 420 1315 hinc
435 1285 610 1324 poetarum
622 1283 652 1311 in
664 1281 899 1320 Epithalamiis
911 1290 1045 1320 preces,

343 1338 381 1364 ut
398 1343 461 1363 nox
477 1336 649 1373 properet.
694 1330 867 1361 Plutarch.
885 1330 994 1369 probl.
1013 1340 1043 1360 c.

343 1387 396 1414 65.
425 1392 465 1412 ex
492 1382 646 1412 Varrone
673 1380 769 1411 Serv.
798 1379 839 1410 ad
864 1380 936 1411 Ecl.
962 1388 1044 1411 vm.

342 1434 483 1472 Dempst.

383 1484 446 1512 362
470 1481 622 1520 Ducitur]
668 1479 835 1520 Nuptiale
877 1479 1042 1518 verbum3

341 1530 434 1562 nefas
451 1531 539 1562 enim
554 1531 658 1561 solam
673 1529 735 1560 ire.
759 1529 877 1560 Barth.

383 1583 444 1611 363
472 1581 671 1619 Tangensquc
681 1578 795 1617 cubile]
814 1579 906 1609 Nota
917 1587 1043 1609 morem

340 1640 406 1661 non
423 1630 503 1660 satis
519 1630 745 1660 observatum.
773 1629 872 1659 Idem.

383 1682 445 1710 364
472 1679 584 1709 Omina
606 1682 750 1718 perpetuo
764 1678 915 1715 genitalia
924 1678 1042 1716 foedcre

340 1729 464 1769 sanxit]
489 1730 574 1761 Quis
592 1730 680 1759 enim
706 1729 815 1759 nescit
830 1730 993 1759 solemnia
1009 1729 1041 1758 iu

340 1779 469 1819 nuptiis
486 1779 597 1809 omina
613 1779 788 1808 adhibita?
812 1778 955 1818 Dempst.

385 1828 512 1859 Foeaere
543 1828 657 1868 sancit]
702 1829 793 1866 Non,
830 1828 949 1858 sanxit.
994 1828 1036 1859 D.

340 1877 458 1907 Heius.

383 1929 444 1957 365
472 1927 549 1956 Cum
573 1926 657 1966 voce]
681 1926 793 1966 Supra
815 1926 917 1957 etiam
941 1927 1039 1965 dixit,

338 1986 408 2007 cum
425 1977 569 2007 carmine.
614 1976 717 2008 Quasi
746 1985 812 2006 non
836 1976 917 2006 satis
935 1975 1040 2007 fuerit

340 2025 466 2056 umbris
491 2026 657 2061 exultare,
680 2025 739 2055 nisi
756 2029 791 2055 et
808 2026 929 2065 linguis
950 2025 1039 2056 fave-

340 2079 410 2106 ant.
441 2075 481 2105 In
497 2076 581 2106 hanc
607 2085 678 2106 rem
704 2075 824 2115 virgil.
849 2076 958 2106 ‘Pars
982 2085 1038 2114 pc-

339 2125 436 2155 dibus
459 2125 636 2166 plaudunt,
662 2124 803 2157 choreas
829 2129 865 2156 et
887 2126 1037 2156 carmina

338 2174 477 2207 dicunt.'

550 145 692 175 NOTAE
726 141 991 173 VARIORUM
1026 141 1074 170 ΙΝ
1111 141 1183 171 CL.
1215 140 1395 170 GLAUD.
1429 140 1595 170 XXXV.

1144 235 1214 274 Pii]
1238 235 1382 265 Felices.
1408 232 1547 264 Clacer)

1143 288 1204 315 366
1231 284 1318 314 Talia
1346 282 1488 321 exordia]
1524 282 1714 313 luti-antem
1744 282 1802 313 do-

1100 345 1188 366 mum
1213 335 1339 366 nucibus
1355 334 1453 372 jactis
1480 332 1674 363 salutabant
1701 341 1801 372 spon-

1105 395 1174 415 sam
1207 386 1321 424 pueri3
1360 393 1456 424 qua«,
1488 382 1566 412 dum
1597 381 1802 411 concederet

1103 434 1267 469 cubitum,
1292 433 1472 464 movebant
1493 441 1622 469 cursus,
1652 440 1689 462 ne
1714 432 1803 462 audi-

1103 489 1208 515 rentur
1222 485 1330 524 puelloe
1346 494 1442 522 rocos,
1467 493 1527 513 nec
1546 482 1654 512 minus
1673 481 1803 512 cantio-

1102 545 1176 565 nem
1194 534 1375 571 iterabant,
1403 544 1477 574 quae
1506 532 1711 563 Fescenninus
1734 531 1803 562 dic-

1102 590 1168 623 tus,
1184 595 1223 615 ex
1251 585 1377 615 Catull.
1407 584 1437 613 in
1468 583 1614 622 Epithal.
1634 581 1742 611 Mallii
1766 585 1802 611 et

1100 635 1198 673 Julii‚
1217 639 1252 664 et
1279 639 1393 664 nostro
1411 634 1443 663 in
1470 633 1555 663 Odis
1581 633 1623 662 ad
1650 631 1801 671 Epithal.

1101 684 1260 721 Honorii,
1277 683 1357 714 etin
1372 683 1523 722 Epithal.
1537 681 1683 711 Palladii
1699 685 1734 711 et
1747 680 1803 711 Se-

1101 742 1206 773 renae,
1221 732 1300 763 fine.
1324 732 1501 771 Dempster.

1144 782 1277 813 Sumunt
1293 782 1435 821 exordia]
1459 781 1513 811 Sic
1538 781 1640 811 iidem
1669 780 1802 821 scripti.

1100 832 1284 872 Vulgatum
1315 833 1428 862 ducunt
1451 832 1559 861 miuus
1593 831 1716 870 placet.
1745 840 1801 862 111.

1101 882 1198 913 Cons.
1225 882 1313 913 Hon.
1336 881 1470 912 ‘Tertia
1499 880 1653 911 Romulei
1669 884 1803 911 sumant

1099 933 1240 963 exordia
1255 932 1385 963 fasces!
1415 941 1463 962 vr.
1482 932 1580 962 Cous.
1602 934 1609 947 ‘
1625 931 1803 971 Grataque

1099 983 1243 1022 patratis
1269 983 1408 1013 exordia
1431 991 1563 1012 sumere
1582 981 1700 1011 bellis?
1723 980 1800 1011 Lib.

1099 1042 1137 1063 11.
1155 1034 1295 1073 Eutrop.
1324 1032 1415 1062 ‘aliis
1439 1031 1578 1062 exordia
1603 1040 1696 1061 sume
1714 1030 1802 1070 rapi-

1098 1082 1172 1112 nis.'
1228 1082 1348 1121 virgil.
1380 1081 1434 1111 lib.
1471 1089 1519 1111 ιν.
1557 1081 1564 1096 ‘
1583 1090 1656 1120 quae
1693 1079 1800 1119 prima

1099 1131 1238 1162 exordia
1254 1136 1361 1161 sumat
1375 1131 1396 1160 ?’
1414 1131 1457 1160 D.
1476 1130 1588 1160 Heius.

1145 1180 1302 1219 Exoraia]
1326 1180 1464 1209 Cantus.
1492 1178 1604 1208 Barth.

1144 1231 1205 1258 367
1231 1229 1347 1258 Nostra
1361 1228 1487 1267 parens]
1513 1227 1626 1257 Potens
1642 1227 1748 1259 Aldus
1765 1233 1801 1261 et

1101 1277 1306 1307 membranae
1324 1276 1486 1315 potiores.
1519 1276 1623 1307 Forte
1637 1278 1736 1308 Nocte
1748 1288 1802 1318 po-

1100 1331 1167 1358 tens
1191 1328 1296 1357 Juno:
1320 1326 1487 1366 quomodo
1513 1326 1677 1366 Virgilius
1706 1329 1714 1344 ‘
1730 1328 1800 1358 He-

1099 1381 1198 1407 caten
1220 1377 1373 1416 caeloque
1400 1375 1578 1416 Ereboque
1607 1376 1800 1416 potentem'

1099 1426 1195 1457 dixit.
1219 1426 1301 1456 Mox
1319 1426 1468 1456 consortia
1485 1427 1596 1457 discite
1612 1427 1799 1466 Isingrinus

1099 1480 1134 1506 et
1155 1476 1304 1516 quinque
1329 1475 1458 1513 nostri3
1483 1475 1583 1513 bene,
1604 1486 1668 1505 non
1685 1466 1799 1509 ducite.

1097 1526 1154 1556 Sic
1182 1525 1329 1564 Epithal.
1359 1525 1470 1555 Celer.
1494 1525 1632 1556 ‘Vivite
1661 1535 1799 1556 concor-

1098 1574 1158 1605 des
1181 1579 1216 1605 et
1240 1579 1390 1605 nostruin
1416 1574 1537 1605 discite
1565 1576 1707 1607 munus?
1753 1577 1798 1607 Et

1098 1625 1155 1656 lib.
1175 1634 1213 1656 11.
1242 1625 1274 1654 in
1301 1624 1433 1655 Stilich.
1456 1626 1463 1640 ‘
1479 1624 1569 1655 Hinc
1595 1624 1661 1655 fuit
1677 1630 1715 1656 ut
1732 1626 1798 1665 pri-

1096 1685 1167 1706 mos
1181 1675 1214 1705 in
1236 1675 1377 1715 conjuge
1395 1674 1542 1705 disceret
1558 1675 1674 1714 ignes?
1696 1676 1801 1708 Deni-

1096 1734 1160 1765 que
1176 1727 1245 1754 rota
1263 1733 1323 1763 pro
1339 1725 1415 1754 colla
1436 1724 1522 1753 idem
1547 1724 1735 1765 Isiugrinus
1761 1731 1797 1758 et

1095 1785 1137 1806 cx
1155 1775 1278 1806 nostris
1294 1775 1460 1815 plerique.
1492 1776 1534 1806 D.
1552 1776 1667 1807 Heius.

1138 1829 1199 1856 368
1224 1825 1353 1864 Ducite]
1392 1825 1518 1855 Votum
1550 1826 1702 1865 nuptiale
1737 1831 1795 1859 aut

1094 1876 1353 1913 matrimoniale,
1369 1875 1524 1915 qualibus
1541 1876 1796 1909 adoinabantur

1094 1925 1327 1966 Epithalamia.
1351 1925 1465 1956 Barth.

1136 1978 1197 2006 372
1223 1974 1384 2015 Proserte]
1410 1975 1612 2013 Producite‚
1637 1977 1670 2007 in
1697 1981 1795 2008 :eter-

1094 2035 1172 2056 num
1187 2025 1395 2065 protendite.
1442 2025 1517 2056 Hoc
1543 2026 1629 2057 enim
1652 2028 1793 2060 verbum

1091 2075 1225 2115 longam
1244 2075 1364 2106 seriem
1383 2080 1491 2106 notat.
1538 2077 1663 2107 Votum
1679 2083 1793 2109 autem

1091 2125 1294 2165 nuptialium
1307 2135 1469 2157 summum
1484 2126 1661 2168 productio
1673 2127 1793 2160 libero-

1094 2184 1177 2206 rum.
1203 2175 1299 2206 Idem.
