1763 3116
376 160 426 190 ΙΝ
462 160 490 190 1.
522 158 658 189 CONS.
691 157 903 188 STILICH.
937 157 1030 188 Lm.
1064 156 1117 188 11.

19 253 30 272 ⁴
46 251 192 284 Intimus
217 252 336 284 Circus
360 251 402 282 ad
429 249 596 281 Murtium
621 257 717 279 voca-

20 308 86 343 tus,
117 309 155 335 ut
183 304 348 335 Procilius
374 301 498 339 aiebat,
523 299 565 330 ab
592 299 716 330 urceis.

19 355 108 396 quod
125 356 152 386 is
169 356 261 386 locus
279 358 366 385 esset
385 354 474 384 iuter
495 352 624 393 figulos.
659 352 716 381 alii

19 404 137 436 dicunt
167 415 185 434 a
216 408 377 434 nun-teto.
415 402 509 442 cujus
537 401 716 441 vestigium

17 461 144 493 manet,
160 454 248 494 quod
273 454 318 484 ibi
344 454 507 484 sacellum
531 452 715 483 etiamnum

18 504 156 536 Murtia’
168 504 332 535 Veneris!
357 504 453 534 Vidit
465 504 625 534 Barthius
637 513 717 543 quo-

17 565 80 596 que
98 565 208 586 veram
222 556 425 596 scripturam
437 556 526 586 curis
543 556 716 594 secundis,

16 605 72 646 qui
100 605 168 635 illic
192 605 378 637 adeundus,
424 606 561 636 Primus
577 607 716 636 Vatica-

15 666 77 688 nus
103 667 121 687 a
146 667 244 688 manu
271 658 379 698 prima
406 658 554 688 Murcia.-
582 658 614 687 in
643 658 715 688 aliis

15 709 246 749 compluribus
282 709 415 739 Marcia.
478 710 572 739 Tollet
609 719 716 739 nomen

14 765 81 788 non
110 760 200 788 ducet
230 760 378 798 optimus
409 759 496 789 liber
529 758 655 789 Mor-eti
681 764 716 788 et

16 812 161 848 quatuor
191 809 259 838 alii.
316 809 416 839 Libro
445 818 498 839 ιιι.
533 810 541 824 ‘
561 808 717 838 exultant

15 856 326 897 avidi,‹piocuuque
338 858 482 887 decorus
496 858 714 897 Conspiciare

16 906 102 945 loco,
134 917 320 947 nomenque
350 907 392 937 ad
424 908 537 938 sidera
571 908 716 938 tollunt?

15 956 63 986 1).
80 956 193 987 Heius.

58 1005 180 1045 Duccl]
217 1007 361 1037 Pulchra
378 1007 494 1045 lectio,
516 1008 557 1037 ad
575 1008 713 1047 longum

13 1056 170 1087 clamoris
188 1062 339 1088 tenorem
357 1057 536 1098 capienda.
584 1059 713 1089 Coelum

14 1110 124 1137 autem
143 1106 241 1145 dicit,
261 1107 415 1138 alludens
438 1108 629 1148 opinionem
652 1109 713 1138 Po-

14 1155 83 1195 puli
116 1155 270 1195 Romani,
300 1157 529 1187 continuantis
560 1162 628 1187 tam
655 1157 712 1187 diu

13 1214 119 1246 eoque
147 1215 251 1247 usque
280 1207 445 1246 plausum,
466 1207 573 1238 donec
598 1207 640 1237 ab
669 1218 712 1238 ae-

14 1255 107 1287 there
124 1256 197 1296 ipso
216 1257 312 1288 reddi
330 1257 515 1288 videretur.
542 1259 657 1289 Barth.

55 1308 116 1336 405
153 1306 288 1346 Nomen]
321 1308 535 1338 Vocabulum
562 1308 714 1339 Stilicho-

13 1355 77 1395 nis,
93 1356 250 1387 iteratum
269 1367 287 1386 a
304 1357 416 1396 plebe,
431 1358 546 1388 favore
570 1358 652 1398 ejus,
679 1363 714 1388 et

14 1404 184 1435 redditum
198 1405 238 1436 ab
254 1406 355 1436 Echo.
381 1407 478 1438 Idem.

56 1456 274 1495 Pallanteoque
288 1456 421 1495 recessu]
437 1458 589 1487 Recussus
602 1458 652 1486 vel
668 1466 712 1486 re-

11 1515 101 1536 cussu
125 1506 222 1545 prim.
245 1506 358 1537 Vatic.
386 1511 421 1537 et
449 1506 666 1537 emendatum
694 1517 712 1536 a

13 1556 160 1588 secunda
186 1566 285 1587 manu
311 1566 481 1587 recussum.-
513 1557 585 1597 pari
612 1557 712 1588 modo

12 1611 48 1637 et
71 1607 286 1638 Oiselianus:
315 1607 434 1638 tertius
450 1607 637 1638 Vaticanus
664 1617 711 1637 re-

12 1657 124 1688 cussis:
150 1663 294 1699 quatuor
311 1658 366 1688 alii
388 1667 522 1689 recursu.
557 1667 710 1689 recussum

13 1708 140 1748 placet,
156 1713 192 1739 ut
205 1708 238 1738 in
250 1708 307 1739 illo
319 1708 496 1739 Maronis:
521 1707 711 1748 ‘uteroque

12 1767 144 1789 recusso
162 1758 346 1789 Insonuere
363 1768 456 1789 cavae
483 1758 712 1799 gemitumque

12 1808 138 1839 dedere
151 1807 328 1840 cavernae!
350 1810 395 1840 D.
412 1809 525 1840 Heins.

53 1862 116 1890 407
143 1860 220 1890 Cum
243 1860 371 1900 genero]
406 1861 484 1891 Nou
512 1859 636 1900 obtigit
664 1858 712 1890 illi

13 1914 126 1940 votum
154 1910 230 1940 hoc.
289 1911 372 1941 Cum
402 1910 589 1941 secundum
623 1910 710 1940 enim

12 1960 157 1991 Consule
180 1961 364 1992 Stilichone
381 1961 622 2002 Magistratum
639 1971 712 2001 ges-

13 2010 57 2041 sit
73 2009 285 2043 Anthemius.
308 2012 425 2043 Barth.

54 2063 117 2091 408
140 2062 214 2091 Jum
239 2062 338 2093 Fama
354 2062 525 2102 loquacibus
547 2061 621 2100 alis]
655 2062 711 2093 De

11 2111 70 2142 alis
84 2112 259 2152 loquacibus
275 2122 370 2152 nugae
392 2118 468 2142 suut
485 2123 491 2142 :
518 2113 594 2151 lego
614 2112 712 2142 Fama

11 2161 84 2201 ales,
97 2162 257 2203 quicquid
270 2162 402 2193 obstant
415 2162 552 2202 scripti;
573 2161 712 2192 distinc-

14 2212 103 2243 tione
119 2212 211 2242 locus
237 2213 339 2242 etiam
360 2213 551 2253 juvandus:
583 2213 712 2243 dictum

13 2261 101 2293 bello
117 2262 212 2294 Gild.
230 2273 276 2293 vs.
291 2266 366 2294 477.
395 2264 452 2294 Sic
469 2268 504 2294 et
519 2263 624 2294 alitem
643 2263 712 2294 Vic-

12 2312 122 2343 toriam
149 2313 233 2344 facit
260 2314 422 2346 vi.Cons.
450 2315 541 2345 Hon.
567 2324 615 2346 vs.
638 2317 712 2346 607.

12 2362 70 2393 ubi
84 2363 189 2402 plura.
234 2364 403 2395 Caetcrum
420 2364 453 2395 in
466 2365 646 2395 Pricaeano
661 2375 712 2395 vo-

12 2412 126 2443 lacibus
149 2414 226 2445 alis.-
250 2419 286 2445 ut
301 2413 391 2445 forte
414 2414 629 2445 scribendum
644 2415 708 2446 sit:

13 2463 23 2479 ‘
41 2462 126 2493 Haec
153 2463 231 2494 dum
256 2465 362 2495 Roma
377 2464 496 2502 refert,
520 2465 594 2505 jam
620 2464 712 2496 fama

14 2513 192 2543 sonacibus
223 2515 283 2544 alis
313 2515 474 2546 Pervolat
510 2516 710 2547 Oceanum:

14 2562 137 2602 linguis
162 2568 196 2592 et
218 2564 308 2594 mille
325 2565 446 2596 citatos
463 2566 639 2596 Festinare
657 2566 712 2606 ju-

17 2612 76 2642 bet
94 2613 275 2652 proceres.'
300 2614 343 2644 D.
362 2615 474 2645 Heius.

57 2663 120 2692 409
143 2661 274 2700 Linguis
294 2667 323 2693 et
346 2664 442 2703 mille]
479 2665 571 2695 Nota
598 2665 710 2696 Famae

16 2712 218 2744 Maroniana
233 2711 428 2753 descriptio.
451 2714 565 2745 Barth.

1357 153 1470 197 1533

809 250 870 278 411
897 248 968 278 Non
984 247 1062 288 iter]
1094 248 1234 290 Signum
1250 259 1338 281 verae
1355 254 1470 285 amici-

768 297 839 328 tiae.
864 297 1049 329 Horatius:
1074 299 1082 315 ‘
1095 299 1251 339 Septimi,
1267 300 1382 331 Gades
1399 303 1470 333 adi-

769 352 844 378 ture
875 358 1020 387 mecum,
1051 354 1087 380 et
1117 351 1324 382 Cantabrum
1353 352 1470 386 indoc-

768 397 865 436 tum,'
883 400 945 429 διο.
971 400 1068 430 Idem.

809 450 872 478 412
902 448 1008 480 Vincit
1024 461 1111 481 amor
1124 451 1376 495 meritipridem]
1401 453 1470 486 Pu-

768 502 802 529 to
819 509 826 529 :
860 499 965 530 Vincit
981 511 1066 530 arnor
1077 513 1086 531 :
1108 503 1228 533 meritis
1240 503 1362 543 pridem
1377 505 1471 536 clari-

766 559 824 588 que
838 551 967 580 vetustis
990 551 1139 583 Fascibus
1153 554 1192 583 ad
1207 555 1282 584 socii
1303 557 1472 595 properant

766 603 795 629 et
822 602 954 631 consulis
978 612 1101 634 annum.
1151 604 1255 644 Naso,
1271 605 1412 638 Metam.
1431 614 1468 638 x.

765 651 772 665 ‘
792 650 887 682 Vicit
911 650 1038 684 Amor:
1064 664 1186 694 supera
1204 655 1286 686 deus
1303 657 1356 687 liic
1381 656 1469 689 bene

766 704 864 730 notus
881 701 914 731 in
931 711 990 732 ora
1007 703 1082 734 est!
1127 705 1249 737 Posset
1262 707 1363 737 etiam
1380 707 1471 738 voci·

767 749 828 779 bus
857 754 1090 792 transpositis,
1113 756 1236 794 pridem
1263 757 1409 794 emeriti,·
1430 761 1469 789 ut

767 801 951 831 Consulatu
985 804 1113 835 Mallii:
1153 810 1161 821 ‘
1181 807 1369 837 Emer-itum
1403 807 1470 847 pri-

766 849 856 889 dem,
872 851 1111 894 desudatisque
1128 861 1293 887 remotum
1310 857 1470 898 sumetis,

765 900 883 930 eadem
922 911 1052 933 rursum
1091 906 1268 944 complexa
1314 912 1470 947 potestas

767 948 900 989 Evehit‚
913 955 947 980 et
965 952 1122 983 reducem
1139 955 1227 985 notis
1246 956 1389 996 imponit
1411 958 1470 989 ha·

765 997 885 1028 benis!
930 1000 1027 1030 Infra
1043 1002 1064 1033 l.
1081 1011 1135 1033 111.
1161 1005 1169 1020 ‘
1184 1005 1227 1034 Et
1246 1010 1324 1044 post
1348 1007 1470 1038 emeri-

765 1053 817 1078 tas
836 1049 1033 1081 moderator
1057 1052 1200 1094 quisque
1225 1065 1364 1087 secures
1388 1057 1469 1088 Dis-

764 1099 891 1130 crimen
908 1101 1009 1132 letale
1024 1103 1137 1135 subit.'
1164 1105 1208 1136 D.
1227 1106 1338 1137 Heius.

812 1150 950 1181 Vetustis
963 1152 1127 1193 Fascibus]
1164 1156 1230 1187 Qui
1257 1157 1359 1198 longo
1387 1163 1468 1190 ante

764 1204 920 1240 tempore
951 1202 1128 1234 Consulari
1157 1205 1326 1246 dignitate
1356 1207 1467 1240 functi

763 1248 910 1282 fuerant.
935 1252 1052 1283 Barth.

806 1304 868 1332 413
910 1302 1064 1344 Vindicis]
1102 1305 1130 1336 A
1158 1307 1315 1339 masculis
1342 1310 1466 1341 Eutro-

766 1350 884 1390 pianis.
908 1353 1008 1383 Idem.

808 1403 871 1431 416
896 1402 1023 1442 Nilique
1039 1405 1081 1434 ad
1095 1404 1203 1436 littora
1223 1407 1361 1448 tandem]
1396 1409 1468 1450 Gy·

766 1450 850 1480 rald.
868 1455 902 1481 et
919 1452 1078 1484 undecim
1108 1455 1164 1485 alii
1187 1459 1335 1489 tendens:
1357 1466 1467 1492 recte.

765 1499 859 1530 Alibi
885 1501 927 1531 de
954 1502 1137 1535 Phoenice:
1170 1506 1178 1521 ⁴
1194 1508 1293 1538 velox
1319 1509 1467 1541 alienum

765 1550 876 1581 tendit
903 1551 936 1581 in
971 1552 1113 1585 orbem)
1157 1555 1266 1587 Paulo
1294 1562 1375 1590 ante
1403 1570 1466 1601 pro

752 1599 914 1638 foecunda,
932 1610 1113 1641 perperam
1128 1606 1263 1645 quidam
1272 1607 1467 1645 soecundam.

764 1648 888 1690 Eidyll.
901 1651 942 1681 de
955 1652 1139 1684 Phoenice:
1165 1656 1173 1671 ‘
1189 1656 1361 1688 Emeritos
1374 1664 1467 1692 artus

763 1698 923 1731 foecunda
938 1706 1048 1733 morte
1064 1703 1253 1736 reformat!
1277 1707 1321 1738 D.
1338 1708 1453 1742 Heius.

805 1753 868 1782 417
891 1752 1040 1784 Procedit
1063 1754 1102 1784 ab
1130 1756 1230 1796 Euro]
1269 1757 1467 1791 Procedere

763 1801 817 1833 hic
834 1803 1011 1843 emphasin
1025 1804 1128 1836 habet
1144 1807 1361 1847 singularem.
1391 1809 1468 1841 Vir·

764 1853 885 1894 gilius:
912 1856 920 1871 ‘
940 1855 1031 1885 Ecce
1059 1856 1191 1887 Diouaei
1220 1859 1375 1898 procedit
1391 1860 1466 1891 Cae-

763 1903 848 1933 saris
865 1904 1011 1935 astrum)
1033 1905 1150 1938 Barth.

806 1956 870 1984 419
893 1954 975 1984 Solis
999 1955 1153 1986 mirentur
1179 1958 1280 1999 avem]
1318 1960 1402 1990 Cum
1424 1969 1466 1991 eo

764 2004 920 2034 nimirum
937 2010 1114 2037 aeternam.
1138 2008 1236 2039 Idem.

806 2058 870 2086 420
894 2055 1045 2086 Redolent
1060 2057 1109 2087 cui
1124 2057 1377 2100 cinnamabustz]
1400 2059 1464 2091 Re-

765 2116 845 2137 cens
861 2106 950 2137 enim
966 2107 1146 2138 nativitate
1164 2108 1206 2139 de
1230 2108 1327 2140 busto
1351 2110 1466 2150 patrio

764 2156 920 2188 Phoenix.
944 2157 1040 2187 Idem.

805 2210 867 2237 421
895 2207 1016 2237 Chorus
1038 2207 1099 2247 est]
1136 2208 1330 2240 Exsultatio
1358 2210 1465 2251 tripu·

764 2257 872 2288 dians.
896 2258 993 2288 Idem.

806 2309 870 2338 422
893 2306 1045 2347 Diuique]
1080 2307 1192 2339 Deum
1208 2308 1327 2348 honor,
1341 2308 1390 2340 ait
1405 2309 1468 2340 Ta·

764 2358 937 2397 citus,non
946 2363 1024 2389 ante
1034 2358 1188 2398 Principi
1197 2358 1353 2398 habetur,
1364 2369 1467 2400 quam

765 2418 866 2449 agere
883 2408 971 2439 inter
981 2409 1131 2440 homines
1146 2408 1299 2441 desierit.
1321 2409 1468 2441 Tei-tull.

765 2459 773 2476 ‘
800 2459 1025 2490 Maledictum
1059 2464 1112 2490 est
1148 2464 1227 2490 ante
1266 2459 1465 2499 apotheosin

765 2510 875 2540 Deum
890 2510 1058 2539 Caesarem
1075 2510 1270 2542 nominare!
1296 2511 1418 2541 Claver.

806 2562 869 2592 424
902 2561 964 2590 Est
994 2561 1102 2599 ignota
1128 2560 1250 2600 procul]
1299 2558 1466 2591 Humanis

763 2611 910 2641 caeteris.
954 2611 1066 2641 Poeta
1092 2611 1180 2641 euim
1203 2610 1319 2641 afflatu
1349 2609 1464 2640 divino

764 2663 915 2702 percitus
932 2662 1025 2693 videt
1041 2662 1114 2692 aliis
1129 2661 1328 2693 mortalibus
1345 2658 1466 2690 invisa.

765 2715 880 2745 Barth.
