1763 3116
523 148 584 178 Dss
617 147 680 178 vl.
712 146 850 177 CONS.
884 148 1066 179 HONOR.

79 240 193 281 rlpuit.
218 241 261 272 D.
280 241 391 273 Heius.

120 294 180 321 325
205 291 356 331 Salphare
369 290 510 330 coeraleo]
543 290 664 320 Fumat
681 289 770 320 enim

76 341 255 373 (ιλιι-1111111111
273 340 442 369 incensum
459 339 609 378 sulphur.
634 339 748 369 Barth.

120 393 182 420 326
206 390 337 428 Doctus]
379 388 637 428 Superstitionis
677 398 769 419 cere-

78 440 216 470 monias.
242 439 335 469 Idem.

118 491 178 519 327
206 489 286 518 Rore
299 487 367 528 pio]
405 487 597 528 Aspcrgine
614 497 719 520 sacra.

118 539 200 569 Dira
218 539 402 577 fugantibus
417 539 533 579 herbis]
566 540 702 570 Summa
720 545 767 570 ta·

72 589 159 620 libus
191 589 388 628 superstitio
420 594 584 620 veterum.
632 590 767 620 Daemo-

73 639 128 670 nia
158 638 316 679 fugantes
342 640 466 670 herbas
498 641 544 671 sic
581 645 767 671 memorant

73 688 251 730 Apuleius,
279 690 408 730 Macer,
440 691 562 732 aliique
589 691 621 721 id
652 700 766 730 genus.

73 740 190 771 Barth.

119 792 181 820 328
206 790 343 821 Numina
383 791 607 832 twriftcamqae
644 791 767 831 docem]

70 840 195 880 Scripti
210 841 305 871 multi
321 841 474 881 turificum
486 852 495 871 .·
509 842 573 871 duo
585 842 767 882 tar-raficum.

72 889 241 919 Putabam
259 890 334 920 olim
346 891 516 931 lustrificm
540 896 575 920 ut
588 891 677 930 apud
693 891 765 921 Val.

72 938 228 969 Flaccum
244 950 250 970 :
278 941 286 955 ‘
301 939 417 979 Atque
430 941 478 970 ita
491 940 652 970 lustrifico
664 946 767 970 cantu

73 987 207 1018 vocat:’
232 988 291 1018 sed
323 989 464 1020 Lucens.
491 989 632 1029 Gyrald.
671 990 768 1029 prim.

70 1037 179 1068 Vatic.
205 1044 241 1068 et
268 1038 334 1068 duo
360 1039 429 1077 alii,
455 1039 642 1080 purzficam‚·
663 1048 762 1070 vere:

68 1087 144 1118 hinc
161 1092 195 1118 et
207 1088 372 1129 pamficare
388 1089 421 1119 in
434 1089 631 1120 lustralibus
649 1090 764 1121 sacris.

69 1138 212 1178 Plinius,
230 1147 266 1170 x.
282 1142 336 1170 41.
357 1141 366 1157 ‘
380 1139 564 1170 Villaribns
580 1140 712 1179 gallinis
730 1145 765 1171 et

70 1188 202 1229 relligio
239 1190 339 1221 inest.
394 1190 637 1222 Inhorrescunt
673 1191 765 1222 edito

67 1249 144 1279 ovo,
169 1241 411 1281 excutiuntque
435 1250 509 1272 sese
531 1246 567 1272 et
583 1241 767 1272 circumac-

68 1295 114 1321 tae
138 1290 330 1331 purificant,
347 1301 386 1322 ac
410 1290 542 1322 festuca
566 1291 677 1332 aliqua
692 1301 765 1323 sese

68 1345 105 1372 et
135 1351 198 1372 ova
228 1343 398 1374 lustrant!
453 1343 580 1384 Jupiter
617 1343 768 1384 purificas

67 1391 170 1431 idem,
183 1393 239 1433 qui
257 1393 387 1424 Graecis
397 1392 570 1433 καθάρσιος,
587 1393 683 1433 cnjus
696 1393 765 1424 He·

68 1442 208 1473 rodotus
238 1448 272 1473 et
303 1443 487 1474 Pausanias
527 1444 764 1474 meminerunt.

65 1489 107 1522 In
133 1491 231 1522 Actis
259 1492 513 1532 Apostolorum,
543 1503 617 1533 cap.
650 1502 685 1524 x.
715 1496 765 1524 15.

67 1541 76 1558 ‘
89 1542 173 1574 Quae
196 1542 288 1572 Deus
304 1541 513 1582 purificavit,
536 1547 570 1573 tu
588 1551 764 1573 commune

68 1600 111 1622 ne
147 1592 294 1624 dixeris!
341 1593 522 1632 Martialis,
554 1592 764 1625 Praefatione

66 1642 122 1674 lib.
139 1652 220 1674 vm.
259 1643 477 1674 ‘Meminerit
508 1653 572 1674 non
600 1644 661 1674 nisi
688 1644 764 1675 reli-

67 1694 163 1734 giosa
176 1693 407 1734 purificatione
423 1695 583 1726 lustratos
600 1694 764 1726 accedere

66 1743 109 1775 ad
128 1744 254 1784 templa
269 1744 394 1775 debere
407 1743 428 1775 :'
451 1744 499 1775 sic
516 1744 639 1776 scribe.
673 1744 763 1776 Auc-

66 1796 121 1824 tor
139 1793 277 1826 Queroli
300 1794 333 1824 in
354 1793 581 1826 Praefatione:
605 1796 614 1812 ‘
629 1794 764 1826 Parasi-

69 1848 122 1875 tus
135 1854 248 1885 magus
265 1845 396 1876 domum
409 1845 579 1886 purificat,
591 1851 626 1876 et
642 1855 762 1886 puram

64 1893 179 1925 facit:'
213 1898 242 1925 et
268 1905 378 1935 param
397 1895 483 1932 facit
498 1896 620 1927 Glossa
632 1900 694 1927 est.
717 1898 763 1928 Et

63 1954 164 1976 mox:
198 1946 354 1977 ‘Nullam
382 1956 526 1987 unquam
553 1947 687 1978 domum
713 1947 762 1979 sic

69 1994 281 2035 purificatam
298 1996 450 2028 retineo!
482 1996 658 2038 Apuleius,
674 1999 760 2030 Met.

67 2054 117 2077 xt.
163 2048 171 2062 ‘
187 2046 308 2077 Alacer
325 2056 480 2087 exsurgo,
509 2058 630 2089 meque
656 2050 762 2089 proti—

65 2105 126 2126 nus
157 2096 355 2136 purificandi
378 2097 502 2137 studio,
530 2099 664 2129 lavacro
691 2110 760 2130 ma·

65 2144 138 2175 rino
155 2146 275 2178 trado.'
295 2146 396 2178 Libro
410 2155 460 2177 Χῐ.
484 2148 492 2164 ‘
509 2148 638 2179 Navem
656 2150 760 2189 puris-

65 2195 147 2227 sime
165 2195 376 2237 purificatam
398 2198 481 2228 Deae
499 2200 761 2239 nuncupavere.'

64 2245 165 2286 Apud
196 2247 355 2279 Plautum
384 2247 633 2289 Amphytrione
672 2251 761 2281 Jorz's

62 2297 244 2337 prodigialis
260 2298 298 2329 fit
325 2299 473 2331 mentio:
511 2300 519 2317 ‘
541 2300 610 2332 Sed
639 2302 760 2332 mulier

70 2352 246 2388 postquam
264 2354 466 2389 experrecta
484 2355 549 2389 est,
579 2353 761 2393 prodigiali

71 2397 149 2428 Jovi
167 2397 238 2428 Aut
252 2400 340 2429 mola
355 2400 440 2432 salsa
455 2401 566 2441 hodie,
587 2407 645 2433 aut
661 2403 759 2433 thure

67 2452 315 2487 comprecatam
343 2451 525 2490 oportuitz’
563 2453 652 2493 quod
678 2454 760 2484 Tur-

67 2496 174 2526 nebus
188 2497 218 2527 in
236 2497 462 2540 Adversariis,
479 2502 501 2532 1.
519 2510 584 2534 vn.
599 2513 628 2534 c.
644 2506 697 2534 15.
725 2508 760 2534 et

69 2546 248 2577 Lambinus
263 2548 304 2578 ad
320 2549 406 2580 hunc
423 2550 532 2583 locum
549 2557 641 2584 recte
658 2554 760 2585 inter.

66 2601 247 2636 pretantur
269 2607 329 2638 pro
352 2601 507 2640 depulsare
530 2603 761 2641 prodigiorum.-

67 2646 272 2687 ἀποτροπαίῳ,
309 2649 468 2689 τεραστίῳ.
526 2653 609 2682 Mox
645 2656 761 2686 aversis

68 2706 144 2729 cum
173 2698 309 2739 scriptis
339 2704 374 2731 ct
410 2701 653 2746 Raplielengio,
691 2715 758 2738 non

1408 140 1429 182 1
1438 139 1519 182 591

821 240 961 270 adversis
977 239 1168 279 legendum.
1195 241 1242 272 D.
1260 240 1373 273 Heius.

868 290 1107 331 Terrificamqae
1120 290 1246 330 Jovem]
1283 291 1437 323 Occultis
1454 296 1519 325 ter-

822 339 993 380 rificisque
1008 341 1112 371 sacris
1130 341 1318 381 praesidem.
1365 342 1520 381 Magicus

819 391 957 431 Jupiter
973 391 1140 431 Scriptori
1163 391 1282 422 Ceu-is.
1325 392 1522 433 Tartareus,

820 440 958 471 Valerio
975 441 1111 479 Flacco,
1127 440 1186 471 lib.
1201 449 1227 472 1.

864 491 1020 531 Triviam]
1045 491 1201 530 Dianam,
1220 491 1360 522 Lunam.
1398 491 1521 523 Praesi-

820 539 896 571 dem
912 540 1160 572 lustrationum.
1185 540 1301 571 Barth.

862 594 925 622 329
950 592 1049 622 Trans
1086 594 1176 631 caput
1211 591 1328 622 aversis
1365 592 1521 633 manibus]

818 639 938 671 Aversi
967 641 1055 672 enim
1090 641 1327 672 lustrationum
1360 643 1520 683 reliquias

819 691 1037 731 abjiciebant.
1083 692 1137 722 Sic
1150 691 1246 722 nefas
1262 696 1337 722 erat
1350 692 1521 732 respicere

817 742 911 772 illum
942 743 995 783 qui
1027 747 1249 783 purgamenta
1275 742 1335 772 illa
1367 743 1520 774 lustralia

819 791 994 823 efferebat.

862 842 900 872 In
915 841 1079 881 Austrum]
1103 842 1232 873 Contra
1254 845 1404 873 ventum.
1438 843 1520 874 Bar-

817 893 912 924 thius.

861 946 923 974 330
949 945 1085 974 Cantata
1107 943 1247 983 piacula]
1285 943 1415 976 Quibus
1432 945 1520 975 mala

817 992 876 1022 illa
891 993 1079 1024 incantata.
1125 994 1282 1024 Det-olata
1308 993 1403 1025 dicat
1427 993 1520 1034 Apu-

817 1042 913 1073 leius.
937 1043 1036 1073 Idem.

859 1095 922 1124 334
947 1092 1099 1133 Caluisse]
1123 1092 1179 1125 Ob
1195 1093 1431 1134 frequentiam.
1454 1094 1518 1125 Ca·

815 1142 888 1174 lent
900 1143 989 1174 enim
1006 1145 1119 1175 omnia
1136 1154 1155 1175 a
1170 1148 1276 1174 motu.
1301 1144 1401 1174 Idem.

859 1196 920 1224 335
944 1193 1064 1233 Dacia]
1079 1192 1367 1234 Magnimomenti
1380 1192 1518 1234 bellum,

817 1243 907 1283 qnod
923 1243 999 1274 ideo
1018 1248 1115 1275 tanto
1138 1248 1215 1284 post
1232 1247 1387 1284 tempore
1415 1253 1517 1284 pecu-

816 1294 891 1324 liari
923 1304 1025 1335 opere
1051 1299 1231 1326 exsecutus
1258 1299 1311 1325 est
1342 1295 1408 1326 Dio
1436 1295 1519 1326 Cas—

818 1343 898 1375 sins.

860 1393 1065 1434 Bellipotens]
1076 1393 1129 1424 Ad
1140 1394 1436 1434 reprehensionem
1446 1395 1518 1426 lau-

816 1452 948 1474 rearum
961 1444 1145 1483 studiosus,
1160 1449 1198 1475 ut
1215 1449 1341 1475 notum.
1366 1445 1482 1476 Barth.

859 1493 1027 1532 Fregerat]
1068 1495 1110 1524 Et
1137 1495 1298 1533 redegerat
1328 1495 1517 1535 Raphelen-

814 1543 908 1582 gius:
932 1543 1022 1583 qnod
1037 1544 1159 1584 scrIpti
1175 1545 1273 1574 multi
1290 1544 1492 1577 confirmant
1507 1557 1516 1584 ;

816 1598 854 1624 ut
867 1597 901 1624 et
918 1593 1016 1633 prim.
1033 1594 1240 1631 Vaticanum
1257 1604 1321 1625 non
1330 1594 1470 1634 fregeris
1481 1602 1518 1627 et

813 1643 982 1682 redegerit.
1026 1643 1094 1673 Pro
1118 1643 1237 1674 Dacica
1253 1644 1371 1684 primae
1387 1644 1464 1676 edd.
1481 1650 1517 1676 et

814 1692 952 1733 quidam
966 1693 1082 1734 scripti
1098 1694 1220 1724 Dacia:
1243 1694 1290 1724 sic
1308 1695 1442 1725 Parthia
1455 1705 1518 1736 pro

814 1743 979 1780 Parthica,
996 1743 1162 1774 Pharsalia
1186 1753 1247 1784 pro
1264 1744 1458 1785 Pharsalica,
1482 1750 1517 1777 et

814 1793 951 1825 similia.
975 1794 1020 1824 D.
1039 1794 1152 1824 Heins.

857 1846 921 1876 336
946 1843 1164 1884 Indignantes]
1202 1845 1258 1876 Ob
1285 1845 1441 1877 crebram
1467 1856 1517 1877 re-

814 1893 1009 1925 bellionem.
1034 1894 1150 1925 Barth.

856 1947 917 1975 337
957 1945 1036 1974 Cum
1063 1945 1188 1975 cinxere
1216 1944 1305 1982 faces
1335 1945 1513 1986 Hypanim]

814 1995 899 2027 Quis
915 2004 992 2025 usus
1014 1993 1148 2024 facibus
1175 1995 1216 2025 ad
1248 1995 1431 2036 imperium
1450 1996 1516 2027 Ro-

811 2055 947 2077 manum
963 2044 1203 2075 indicandum?
1249 2045 1365 2076 Scribe
1380 2055 1422 2076 ex
1435 2046 1515 2076 Bel-

813 2096 897 2136 gicis
925 2094 1019 2126 libris
1041 2105 1109 2126 cum
1129 2094 1233 2132 fasces
1254 2096 1398 2126 cinxere:
1420 2105 1514 2127 vere.

812 2147 881 2178 Ubi
894 2147 981 2177 enim
993 2146 1140 2177 tribunal
1152 2146 1330 2186 Legesque
1342 2146 1516 2186 Romanae,

811 2196 893 2238 quid
911 2196 1044 2237 dignius
1067 2196 1134 2236 legi
1157 2195 1325 2227 fascibus?
1371 2196 1431 2227 Ait
1456 2206 1514 2228 eas

812 2247 1005 2288 provincias
1036 2247 1189 2278 Romano
1217 2247 1290 2287 juri
1324 2246 1514 2279 subdidisse

810 2298 1004 2339 'rrajanum
1029 2298 1127 2329 Idem.

856 2349 934 2378 Cam
950 2348 1075 2378 cinxere
1082 2347 1172 2384 faces
1188 2347 1365 2389 Hypanim]
1402 2348 1514 2379 Recte

811 2408 887 2430 cum
910 2398 1049 2438 scriptis
1072 2397 1357 2437 Barthius,sasccs
1375 2399 1512 2429 cinxere.

812 2448 951 2481 Deinde
988 2449 1122 2480 Moeotz'a
1158 2458 1219 2489 pro
1257 2448 1407 2479 Maeotica
1436 2448 1513 2480 libri

811 2501 959 2542 quinque
982 2510 1058 2531 cum
1082 2500 1182 2540 prim.
1198 2500 1385 2532 Vaticano:
1403 2499 1511 2536 bene;

805 2552 878 2592 jam
896 2551 977 2582 alibi
995 2551 1134 2582 dictum.
1163 2551 1207 2581 D.
1227 2551 1340 2581 Heius.

853 2604 918 2633 339
941 2602 993 2633 Ad
1009 2601 1138 2641 templa]
1177 2600 1264 2632 Aras
1279 2600 1438 2641 focosque
1456 2608 1511 2638 pa·

811 2651 907 2683 trios.
942 2652 1036 2683 Nota
1063 2651 1137 2691 ejus
1160 2651 1333 2691 Principis
1359 2651 1393 2680 in
1417 2650 1510 2680 Deos

811 2711 889 2733 suos
904 2701 1034 2743 Pietas,
1046 2701 1175 2733 utinam
1197 2701 1233 2732 in
1250 2709 1387 2738 verum5
1411 2707 1508 2741 quem
