1763 3116
616 164 881 197 EPISTOLAE.

64 264 127 296 Sub
150 263 276 305 pedibus
291 260 425 302 tegitur]
450 258 719 291 Immensitatem

20 325 150 347 nummo
194 312 339 354 proximi
383 308 719 350 conjunctissimique

20 365 165 396 numinis
184 361 308 395 terreni
325 359 503 402 praedicat.
528 358 646 389 Barth.

64 418 104 447 38
124 412 279 453 Gregibus
291 420 404 451 pascua
419 410 506 448 plena
522 407 611 448 meis]
628 407 720 438 Laeta

20 475 88 496 nec.
99 464 212 495 Vatic.
225 466 258 492 et
268 461 331 491 tuis
345 457 598 498 Rottendorpli.
617 457 721 497 Puto,

15 514 163 554 gregibus
172 520 286 552 pascua
298 511 389 550 plena
405 509 478 538 suiS.
504 508 546 539 D.
564 507 684 539 Heius.

59 567 101 594 42
137 563 329 600 Auratoeque
368 558 486 598 trabes]
531 558 720 599 Splendida

18 612 174 650 aedificia,
187 612 307 642 auratis
318 609 469 649 trabibus,
481 609 719 650 circumloqui-

19 668 84 694 tnr.
109 661 227 693 Barth.

59 718 100 746 43
125 713 261 755 Suffecit
283 713 442 744 mandasse
468 711 583 751 Deam]
605 710 720 751 Scrip-

15 769 108 796 serat
133 765 175 795 ad
202 764 323 805 puellae
352 766 510 807 parentes
535 771 595 801 pro
620 761 719 791 Clau-

16 816 116 847 diano
133 815 273 846 Serena.
317 814 395 844 Non
426 823 508 852 opus
536 811 601 842 fuit
632 812 721 842 ultra

17 866 137 896 ambiri
154 865 313 905 puellam,
337 872 436 903 quarn
454 861 601 892 amabat.
640 862 720 891 Ces-

16 919 133 946 serunt
150 918 323 954 parenteS,
339 911 513 942 consensit
529 911 613 950 ipsa.
647 910 720 941 Ma-

17 963 214 995 trimonium
232 960 428 992 confectum
446 964 511 990 est.

61 1013 229 1045 Mundam
252 1010 368 1049 Deam]
401 1010 533 1040 Blando
564 1010 721 1049 imperio,

15 1064 112 1104 cujus
131 1062 178 1092 vis
196 1065 307 1091 tamen
325 1069 476 1099 praesens
492 1063 578 1091 erat.
601 1060 719 1090 Barth.

57 1117 98 1146 44
123 1115 167 1144 Et
182 1111 287 1153 pecus]
312 1112 499 1152 Excerpta,
515 1121 591 1152 quae
607 1112 651 1143 V.
669 1112 719 1143 Cl.

15 1165 155 1197 Isaacns
182 1163 318 1193 Vossius
346 1171 478 1192 mecum
495 1163 720 1193 communica-

15 1215 200 1255 vit,penus,·
219 1212 387 1254 quomodo
399 1216 432 1242 et
447 1212 569 1243 tertius
583 1212 720 1243 Vatica-

16 1275 98 1296 nus:
125 1264 233 1296 codex
252 1262 505 1302 Rottendorph.
530 1272 646 1293 nemus.
678 1263 720 1294 D.

16 1315 136 1347 Heius.

58 1368 101 1397 46
126 1365 271 1396 Nominis
296 1363 404 1394 umbra
430 1362 493 1403 tui]
531 1363 642 1394 Palat.
667 1374 721 1394 nu-

16 1416 127 1452 minis,·
164 1420 201 1446 ut
228 1425 247 1445 a
276 1414 418 1445 Barthio
442 1414 516 1453 jam
544 1414 720 1446 monitum.

17 1466 112 1497 Idem.

57 1518 99 1547 47
125 1515 209 1551 Quid
221 1524 281 1545 non
289 1512 468 1556 perficeret]
489 1513 628 1551 Perfecit
641 1513 722 1544 duo-

15 1566 125 1598 decim
141 1565 240 1596 libri:
267 1565 333 1596 dno
359 1565 545 1596 Florentini
563 1564 721 1595 totidem-

15 1626 80 1658 que
97 1616 153 1647 alii
167 1615 290 1656 suffecit
303 1626 313 1646 .-
335 1615 468 1646 Thuan.
498 1616 550 1645 sed
570 1615 644 1655 quid
661 1624 721 1645 non

7 1667 149 1705 faceret:
174 1667 320 1698 Lucens.
343 1667 395 1696 sed
419 1665 494 1706 quid
510 1676 567 1696 non
584 1665 720 1705 perfert:

16 1722 110 1757 puto,
136 1719 282 1757 praestet:
321 1725 407 1746 unus
431 1716 543 1747 Vatic.
561 1715 721 1757 perficiet:

16 1767 130 1798 Palat.
145 1766 318 1807 proficeret.
344 1765 452 1797 Idem.

1362 155 1472 197 1691

772 259 875 290 etiam
901 257 1061 290 videntur
1085 257 1293 289 membranae
1324 258 1474 289 scribere

774 308 923 346 Conjugis
938 311 968 338 et
983 309 1107 348 castris,
1121 312 1151 339 et
1172 308 1247 339 solio
1261 308 1381 345 generi.
1426 309 1475 339 Ut

772 359 890 389 vocula
906 367 970 389 SUB
986 359 1053 389 ista
1078 359 1190 389 omnia
1215 357 1385 397 respiciat.
1430 358 1475 387 Et

771 409 856 439 dura
870 409 1016 448 alioquin
1034 409 1157 439 locutio
1173 420 1180 445 ;
1205 409 1237 439 in
1254 408 1336 437 solio
1359 407 1476 447 generi

771 459 946 490 celebrare
962 458 1052 489 diem
1070 462 1236 499 optatum.
1263 456 1378 488 Barth.

813 511 852 539 51
878 508 1007 548 Auspex
1033 507 1192 547 Purpura]
1215 507 1354 537 Summa
1373 507 1475 537 liono-

770 559 836 589 rati
854 558 998 588 nominis
1026 556 1220 588 felicissimo
1236 556 1356 586 omine.
1391 556 1476 586 Ans-

771 609 863 648 pices
880 608 1050 638 adhibitos
1068 612 1219 639 vetorum
1235 607 1359 646 nuptiis
1376 606 1479 637 ‹locu-

771 663 871 689 erunt
887 658 1017 698 pridem
1035 658 1096 688 viri
1113 657 1340 688 eruditissimi.
1388 656 1476 687 Vide

770 719 832 739 nos
859 709 901 739 ad
933 711 1002 740 Sat.
1035 717 1070 741 x.
1098 708 1273 740 Juvenalis
1305 707 1337 737 in
1362 706 1475 738 finem.

772 760 868 790 Idem.

814 813 856 841 52
879 810 992 841 Sancto
1012 810 1150 849 cingeret
1174 811 1245 841 aula
1266 808 1348 849 toro]
1375 808 1476 839 Chora

771 861 953 900 legendum
971 871 1047 891 cnm
1066 866 1137 900 opt.
1156 860 1314 890 Ambros.
1332 859 1421 900 quod
1440 864 1476 891 et

770 910 922 950 Scaliger
938 911 1025 941 vidit
1040 921 1047 947 ;
1074 911 1189 940 malim
1218 915 1250 940 et
1266 919 1352 940 sacro
1365 920 1375 939 .·
1397 918 1475 940 nam

770 960 902 991 Buslid.
919 964 954 990 et
972 970 1038 990 sec.
1055 961 1168 990 Vatic.
1193 969 1316 994 socero,·
1341 959 1475 989 mvndo-

771 1018 818 1039 se.
842 1007 980 1039 Praefat.
999 1009 1031 1038 in
1049 1018 1097 1040 vr.
1123 1009 1224 1040 Cous.
1244 1008 1334 1038 Hon.
1357 1008 1366 1024 ‘
1383 1008 1477 1047 plau-

771 1058 899 1090 debant
925 1059 1062 1089 numina
1086 1058 1187 1089 dictis
1215 1059 1260 1089 Et
1276 1057 1476 1089 circumfusi

772 1119 867 1140 sacra
890 1119 1016 1140 corona
1040 1109 1136 1140 chori
1151 1108 1171 1139 ι’
1193 1108 1257 1139 nisi
1282 1107 1362 1138 socio
1385 1107 1476 1138 choro

772 1159 888 1190 mavis.
913 1159 957 1190 D.
974 1158 1089 1190 Heius.

814 1212 855 1240 53
879 1210 1097 1249 Desponderut
1125 1208 1212 1248 ante]
1256 1207 1478 1249 Desponderi

771 1257 914 1290 fecerat.
950 1260 1112 1289 Serenam
1129 1269 1223 1289 suam
1240 1258 1337 1289 dicit.
1360 1258 1478 1289 Barth.

816 1312 856 1340 54
883 1310 1031 1348 Conjngis
1044 1308 1193 1347 ejusdem]
1212 1308 1361 1347 Conjugis
1372 1308 1478 1338 eadem

773 1369 834 1391 sex
847 1359 986 1400 scripti:
1014 1358 1164 1397 Coniugis
1183 1359 1249 1388 ltoec
1263 1359 1368 1388 eadem
1383 1357 1481 1397 quin-

773 1420 847 1451 que.
893 1410 1035 1450 Gyrald.
1067 1410 1209 1439 Lucens.
1237 1408 1338 1448 prim.
1364 1408 1476 1439 Vatic.

773 1465 808 1492 et
823 1459 999 1490 duodecim
1013 1459 1080 1496 alii,
1096 1458 1257 1496 szjugiis
1272 1458 1398 1494 eadem;
1422 1457 1479 1489 be-

772 1520 826 1541 ne.
844 1510 997 1549 Scaliger
1016 1509 1167 1548 Conjugio
1181 1510 1325 1548 ejusdem.
1342 1508 1479 1540 Barth}-

772 1570 810 1591 us
834 1560 986 1599 Augustae
1008 1560 1144 1600 pronuba
1162 1561 1275 1589 dextra
1290 1560 1396 1590 daret:
1416 1559 1476 1590 sed

771 1620 837 1641 non
857 1610 1042 1650 persuadet
1068 1609 1259 1649 Augustam
1288 1618 1387 1649 posse
1411 1609 1478 1639 dici

770 1661 944 1698 Serenam,
972 1669 1165 1700 quanquam
1198 1664 1297 1699 patre
1325 1658 1479 1698 Augusto

771 1717 897 1743 natam.
923 1711 966 1743 D.
986 1711 1100 1743 Heius.

818 1762 968 1801 Conjugis
989 1761 1137 1801 ejusdem]
1163 1761 1202 1792 In
1230 1761 1369 1801 Belgico
1397 1761 1478 1791 Con-

57 1820 98 1848 48
124 1817 243 1847 Genius
257 1816 362 1856 regni]
386 1816 559 1856 Principis
573 1815 720 1847 felicita·
762 1812 867 1852 jugiis
891 1813 1005 1843 eadem.
1028 1811 1213 1852 Scripsisse
1240 1811 1404 1841 arbitror:
1434 1811 1478 1842 Ut

16 1872 96 1906 tem,
123 1866 334 1908 Imperiique
360 1866 465 1898 totius
490 1866 719 1898 Divinitatem

15 1917 110 1956 dicit,
138 1916 236 1957 cujus
267 1916 443 1958 particeps
473 1922 548 1948 erat
578 1917 719 1956 Serena,

16 1968 120 1998 tantis
154 1967 298 2000 vinculis
328 1966 496 2008 Augustae
527 1967 641 1999 domni
670 1967 718 1998 in-

15 2027 114 2049 nexa.

65 2068 122 2099 Vel
133 2067 263 2109 pietalis
288 2068 388 2107 amor]
426 2068 544 2098 Pietas
573 2068 720 2098 clemen-

16 2119 109 2159 tiam,
131 2128 224 2149 amor
239 2118 390 2149 favorem
407 2118 438 2149 in
456 2118 602 2149 I‘oe'tam
619 2118 720 2148 deno-

17 2174 79 2202 tat.
102 2170 221 2201 Barth.

57 2223 99 2253 49
123 2220 187 2251 Sub
203 2220 266 2250 luce
278 2217 416 2257 tutoris]
440 2218 600 2249 Divinam
618 2217 723 2248 omni·

16 2279 59 2301 no
75 2268 172 2309 facit,
188 2274 225 2300 ut
238 2279 314 2311 quae
328 2269 422 2299 vultu
435 2268 546 2300 lucem
557 2268 721 2309 exspiret.

17 2319 115 2350 Idem.

60 2372 102 2400 60
128 2369 276 2408 Conjugis
309 2369 343 2399 in
370 2368 495 2408 castris]
540 2368 583 2398 Et
612 2367 723 2398 castris

20 2419 195 2451 nonnulli:
220 2419 360 2449 rectius.
385 2419 429 2449 D.
447 2418 561 2449 Heius.

63 2469 212 2507 Conjugis
237 2469 270 2498 in
291 2469 417 2508 castris]
442 2468 571 2508 Scripti
599 2477 715 2499 omnes

23 2523 60 2550 et
92 2519 176 2549 editi
215 2523 244 2549 ct
266 2519 340 2549 solio
368 2519 498 2557 generi:
532 2518 723 2559 Imperato-

19 2579 91 2601 rem
122 2568 211 2599 enim
241 2567 327 2598 dicit
356 2568 567 2606 Houorium;
612 2567 721 2607 Magi-

19 2624 128 2651 strum
152 2617 281 2649 militiae
318 2617 551 2650 Stilichonem.
594 2617 720 2650 Scitius

770 1863 849 1894 mihi
863 1872 952 1902 quam
965 1862 1091 1901 scriptis
1100 1862 1300 1901 desponderat
1312 1864 1384 1891 ante
1392 1863 1479 1900 puel-

771 1915 831 1944 lam
850 1912 1010 1951 Conjugis,
1035 1913 1061 1941 Α
1068 1915 1188 1951 ugustoe
1209 1911 1349 1951 pronuba
1363 1912 1478 1942 dextra

770 1965 869 1994 darec.
893 1962 1078 2002 Augustam
1092 1962 1177 1992 dicit
1192 1963 1365 2000 Serenam,
1376 1971 1478 2002 quam

770 2013 873 2044 toties
888 2017 967 2043 ante
982 2016 1017 2042 et
1030 2016 1151 2052 postea
1164 2012 1342 2051 Reginam,
1358 2012 1478 2042 eodem

770 2071 880 2093 sensu.
924 2061 1060 2101 Scripto
1081 2065 1115 2091 et
1136 2060 1383 2091 intercessione
1400 2070 1479 2092 con-

765 2111 856 2151 jugis
871 2110 1071 2142 Stilichonis
1096 2109 1326 2150 desponderat
1343 2109 1479 2140 Claudi-

773 2171 837 2193 ano
866 2163 1014 2203 puellam
1040 2162 1180 2192 Serena.
1246 2161 1360 2191 Vovet
1388 2170 1478 2192 nunc

774 2222 928 2253 sponsus,
937 2212 1040 2253 ipsius
1049 2211 1200 2252 ejusdem
1211 2221 1311 2241 manu
1325 2211 1479 2252 Reginae,

774 2264 864 2305 quod
880 2263 1040 2304 pronuba:
1054 2262 1243 2299 faciebant,
1256 2262 1319 2292 sibi
1337 2261 1479 2292 eandem

773 2313 807 2344 in
823 2313 1072 2344 matrimonium
1090 2312 1191 2344 tradi.
1217 2313 1334 2344 Barth.

816 2367 858 2394 56
881 2362 1007 2403 Libycae
1022 2362 1151 2393 dissidet
1162 2372 1215 2392 ora
1229 2361 1346 2402 plagae]
1370 2361 1480 2402 Libya:

774 2414 992 2456 quindecim:
1020 2418 1056 2444 ut
1068 2413 1180 2450 Africa
1191 2417 1278 2443 terra
1293 2418 1328 2443 et
1343 2412 1479 2449 similia,

773 2465 816 2495 de
833 2464 954 2505 quibus
969 2472 1084 2504 supra.
1108 2463 1152 2493 D.
1171 2462 1284 2493 Heius.

815 2516 857 2545 58
870 2513 998 2544 sidereo
1008 2512 1188 2553 supercilio]
1201 2512 1367 2554 Exemplo
1380 2509 1477 2544 Jovia

773 2563 962 2596 Homerici.
985 2562 1100 2595 Barth.
