1859 3148
347 201 459 242 1500

390 307 410 335 2
434 303 627 335 Successilms
654 301 784 341 augent]
826 302 945 340 Urgent
976 304 1045 331 tres

348 355 486 394 scripti:
520 355 625 387 manis
643 354 764 394 placet.
784 362 831 383 ιν.
850 353 950 382 (lons.
976 351 1045 380 Ho-

348 405 455 436 norii:
495 406 722 444 ‘longumque
761 403 866 433 tueris
899 402 1046 436 Eiectos,

348 455 477 486 crebris
491 465 552 485 nec
571 452 834 485 succedentibus
852 450 976 491 urges.’
1001 451 1044 480 D.

350 505 464 535 Heius.

344 585 349 590 ,
391 555 531 594 Augenl]
562 555 732 591 Mactant,
751 552 862 582 beant.
888 550 1003 581 Barth.

391 610 410 637 3
437 605 604 644 Connubii]
639 604 781 635 Honorii
807 603 933 643 nuptiae
961 603 1048 633 ccle-

350 657 459 688 bratae
487 656 584 687 Anno
612 658 685 686 398.
720 659 800 684 tunc
827 653 929 683 Gildo
954 652 1047 683 fusus

350 711 413 737 est.
445 705 626 745 Eutropius
642 704 790 735 concidit
808 712 894 733 anno
907 711 1048 742 sequen-

349 761 396 787 te.
422 757 543 786 Clarrr.

393 806 541 842 conjugii
558 804 697 842 necdum]
734 801 886 831 Cmniubii
904 801 1049 830 Lucens.

350 854 456 885 bene:
494 864 569 883 mox
590 863 650 892 pro
677 851 846 889 triumphos
860 849 1050 888 Raplielen-

350 903 424 943 gius
441 902 633 941 triumphus.-
659 899 826 941 quomodo
851 903 886 929 et
916 898 1051 938 plurimi

350 963 391 983 ex
423 952 571 992 scriptis,
595 952 752 990 interque
777 950 851 980 illos
879 949 1052 987 Lucensis,

350 1008 387 1035 et
416 1003 563 1044 optimus
603 1001 868 1031 Ambrosianus:
915 999 974 1029 sed
1005 999 1051 1029 nil

350 1062 445 1093 opus,
460 1053 486 1082 si
502 1052 542 1082 de
559 1051 652 1091 regia
669 1050 889 1088 intelligatur.
928 1049 1051 1079 Posset

351 1108 465 1133 tamen
482 1106 517 1132 et
541 1101 635 1132 cecini
661 1101 742 1139 legi:
783 1104 819 1129 ut
849 1098 1049 1138 praefatione

352 1152 433 1183 belli
457 1152 585 1190 Getici,
605 1152 612 1167 ‘
632 1151 784 1182 Consulis
802 1149 855 1179 hie
873 1148 981 1179 fasces
998 1159 1051 1180 ce-

352 1202 443 1233 cini.’
467 1203 510 1233 D.
529 1202 640 1232 Heius.

395 1252 513 1292 Regia]
531 1251 748 1292 Iinperialem
767 1251 901 1281 domum
918 1250 989 1280 sive
1004 1248 1050 1279 fa-

353 1303 478 1334 miliam
496 1303 593 1334 dicit.

398 1354 538 1384 Festiros
580 1351 702 1390 cantus]
749 1350 976 1381 Fescenninos
1020 1353 1054 1378 et

353 1403 546 1443 Nuptiales.
568 1401 684 1432 Barth.

396 1457 414 1483 5
442 1452 561 1483 Calidis
576 1450 705 1480 thalami
719 1448 824 1487 sertis]
865 1447 985 1478 Adhuc
1004 1457 1056 1478 ca-

353 1501 511 1539 lentibus,
528 1498 723 1530 recentibus
740 1498 782 1528 de
798 1498 905 1528 halitu
922 1497 1054 1536 nuptia-

354 1551 433 1581 lium
450 1548 687 1579 festivitatum.

396 1598 551 1630 Successit
567 1596 687 1635 laurea]
704 1596 839 1626 Pariter
855 1595 944 1626 idem
959 1595 1054 1625 Sido-

354 1650 428 1680 nius
445 1649 575 1687 Paneg.
605 1646 797 1677 Anthemii:
830 1648 838 1662 ‘
858 1646 931 1676 Hos
950 1646 1055 1676 thala-

354 1709 435 1738 mos,
469 1698 631 1736 Ricimer,
670 1696 775 1727 virtus
811 1697 872 1727 tibi
903 1695 1056 1736 pronuba

356 1748 481 1788 poscit,
505 1747 618 1788 Atque
645 1746 820 1777 Dionaeam
848 1746 907 1776 dat
931 1745 1056 1775 Martia

355 1799 486 1829 Laurea
513 1796 684 1837 myrtum.'
738 1795 931 1826 Proximam
960 1795 1056 1825 lauro

354 1853 500 1887 myrtum
533 1848 680 1878 collocat
711 1850 746 1876 et
778 1846 887 1883 Maro,
923 1844 1057 1875 scilicet

354 1908 521 1930 memores
540 1906 654 1928 omnes
671 1896 815 1927 Veneris
841 1905 916 1926 cum
942 1896 1057 1927 Marte

356 1948 513 1988 conjugii.
572 1947 711 1986 Regiam
737 1950 848 1976 autem
879 1949 992 1985 myrto
1023 1950 1059 1976 et

355 1999 451 2028 lauru
493 2001 690 2027 coronatam
725 1995 809 2025 dicit
841 1994 1060 2033 Claudianus,

353 2047 497 2078 Veneris
521 2056 594 2076 eam
621 2046 706 2076 aulae
733 2054 944 2083 comparans,
961 2054 1060 2084 quam

357 2096 481 2127 talibus
509 2096 607 2126 sertis
635 2105 769 2134 semper
800 2099 971 2125 recentem
999 2095 1060 2126 fin·

358 2151 441 2186 gunt
459 2147 642 2176 Poetarum
659 2145 731 2176 filii.
757 2145 872 2176 Barth.

397 2199 415 2227 7
443 2196 569 2226 Crimen
595 2196 708 2235 Eoum]
744 2196 943 2235 Eutropius,
960 2205 1059 2236 quem

358 2256 518 2287 superum
547 2247 687 2283 crimen,
711 2247 786 2277 coeli
815 2252 984 2286 terraeque
1000 2257 1061 2286 pu-

355 2296 482 2332 dorem,
509 2296 598 2327 inter
626 2297 708 2326 alios
733 2297 863 2335 timim,
889 2297 953 2336 ipsi
981 2306 1060 2327 con-

358 2356 469 2387 grum,
486 2347 648 2386 appellat.
678 2347 794 2387 Libya}
811 2348 928 2387 praelia
945 2347 1062 2378 Gildo-

355 2405 432 2427 nem
459 2396 622 2427 domitum
648 2397 827 2427 denotant.
873 2397 1060 2435 Orientem,

355 2445 535 2476 Orientale
563 2447 676 2485 clima,
702 2446 788 2477 dicit
805 2446 981 2486 imperium
999 2446 1061 2476 Ar-

359 2495 549 2526 cadianum.
578 2496 675 2527 Idem.

400 2550 421 2577 9
446 2547 589 2586 Consule]
614 2547 671 2578 Bis
685 2547 809 2578 Consul
824 2545 888 2577 fuit
904 2546 1061 2585 Stilicho,

359 2597 503 2637 primum
529 2607 604 2628 cum
632 2597 828 2637 Aureliano,
844 2596 968 2627 deinde
985 2606 1060 2627 cum

360 2647 554 2689 Anthemio,
572 2653 609 2679 ut
632 2658 673 2679 ex
699 2647 914 2687 Cassiodoro,
940 2647 1062 2686 Fastis,

359 2698 648 2738 Chronologisque
662 2697 736 2728 aliis
753 2701 897 2727 constat.

403 2747 544 2790 Surgunt
575 2747 762 2789 Stilichone]
807 2747 993 2788 Eriguntur
1027 2748 1060 2779 iu

575 210 717 240 NO'rAE
750 208 1013 240 VAR10RUM
1049 207 1099 236 IN
1135 206 1208 235 CL.
1241 203 1423 234 CLAUD.
1457 202 1569 232 XXI.

1097 299 1276 339 pristinum
1295 297 1408 327 decus.
1433 295 1549 326 Barth.

1142 351 1180 378 10
1207 347 1326 377 Ordine
1341 351 1411 377 rota
1426 344 1544 383 meant]
1569 343 1674 374 Velut
1689 341 1730 372 ad
1747 351 1799 372 or-

1098 398 1208 429 dinem
1224 396 1473 437 pra‘scriptum.
1524 395 1609 433 Vota,
1632 391 1799 432 optabiles

1098 456 1284 478 successus.

1140 496 1175 526 Si
1191 505 1313 526 carmen
1329 496 1361 525 in
1377 493 1485 532 unum]
1520 492 1614 523 Dicit
1629 489 1718 531 quod
1741 498 1800 529 op-

1099 547 1171 577 timi
1198 547 1381 586 scriptores
1407 545 1528 581 solent,
1553 552 1627 572 cum
1653 541 1694 571 ad
1713 549 1800 571 sum-

1098 605 1234 637 mopere
1252 595 1397 635 aliquem
1421 592 1625 623 laudandum
1651 589 1802 628 veniunt,

1099 655 1162 675 nun
1182 655 1280 685 posse
1298 643 1428 684 assequi
1447 643 1494 673 rei
1522 639 1700 681 praesentis
1718 648 1805 679 prae-

1099 697 1267 727 stantiam.
1292 695 1493 726 Petronius:
1519 694 1526 709 ‘
1543 693 1645 724 Nulla
1656 701 1721 721 vox
1738 693 1804 728 est,

1100 757 1174 787 qua³
1191 745 1331 775 formam
1355 745 1427 784 ejus
1455 744 1559 783 possit
1585 741 1804 781 comprehen-

1101 796 1204 831 (lere;
1237 793 1398 834 quicquid
1430 793 1561 830 dixero,
1585 791 1694 821 minus
1715 788 1804 820 erit?

1102 842 1220 873 Barth.

1146 894 1279 923 Carmen
1290 891 1321 922 in
1334 890 1441 930 unum]
1456 892 1535 922 Duo
1543 889 1678 920 carmine
1687 889 1719 919 in
1727 898 1804 919 uno:

1103 948 1233 984 septem
1250 942 1385 973 carmine
1402 942 1431 971 in
1446 950 1538 971 unum
1549 951 1558 969 .·
1574 944 1611 969 ut
1624 939 1804 978 ‘colligere

1104 994 1136 1024 in
1155 991 1267 1023 unum‘
1286 996 1321 1021 et
1338 991 1467 1021 similia.
1508 990 1550 1020 D.
1572 988 1683 1019 Heius.

1146 1055 1183 1082 ll
1202 1049 1386 1089 Adrou-ere]
1403 1049 1458 1080 Ob
1476 1048 1596 1079 molem
1614 1052 1649 1077 et
1662 1046 1808 1087 copiam.

1105 1101 1226 1131 Barth.

1147 1153 1185 1181 13
1205 1151 1410 1189 Quodcunque
1426 1149 1592 1188 relinquam
1608 1146 1713 1184 Majns
1728 1143 1807 1184 erit]

1103 1201 1226 1238 Tanta,
1251 1200 1310 1238 ait,
1335 1209 1445 1229 rerum
1473 1196 1715 1228 narrandarum
1743 1194 1810 1225 fre-

1103 1251 1242 1291 quentia
1259 1254 1324 1287 est,
1345 1250 1447 1280 etiam
1472 1248 1612 1288 paritas.
1658 1245 1808 1276 Avarum

1106 1300 1354 1340 quodammodo
1379 1299 1441 1329 sibi
1469 1298 1614 1329 animum
1643 1296 1727 1327 facit
1754 1305 1808 1326 res

1106 1354 1218 1380 tantas
1236 1348 1459 1388 praedicandi.
1484 1349 1581 1378 Idem.

1149 1401 1187 1428 14
1213 1398 1328 1437 Actus]
1353 1399 1420 1427 Res
1437 1402 1564 1436 gestaS‚
1581 1396 1744 1428 actiones-

1149 1449 1290 1479 Primam
1301 1447 1476 1486 juventam]
1516 1447 1557 1477 In
1572 1447 1726 1477 omnibus
1743 1445 1810 1477 suis

1105 1498 1277 1529 Heroibus
1303 1497 1422 1528 laudat
1445 1496 1709 1527 adolescentiam
1733 1505 1813 1536 prn-

1104 1550 1293 1580 dentiorem
1311 1548 1451 1579 aliorum
1469 1547 1557 1577 virili
1574 1551 1688 1583 aetate,
1705 1547 1757 1577 vel
1773 1550 1812 1577 et

1105 1599 1213 1630 senili.
1243 1598 1355 1629 Barth.

1150 1652 1188 1679 16
1211 1647 1395 1686 Justitium]
1418 1647 1548 1685 Togata
1566 1646 1704 1685 decora,
1730 1655 1811 1686 quo-

1106 1709 1178 1728 rum
1196 1707 1324 1728 summa
1341 1701 1392 1727 est
1408 1696 1571 1728 Justitia:
1600 1696 1644 1726 Et
1661 1695 1693 1725 in
1713 1695 1811 1735 justi-

1106 1749 1154 1779 tia
1170 1747 1418 1788 perfectionem
1436 1746 1515 1776 vitae
1540 1755 1614 1776 esse
1635 1745 1810 1785 Diogenes

1107 1802 1225 1829 auctor
1250 1803 1301 1828 est
1328 1797 1361 1827 in
1391 1797 1551 1827 Sermone
1580 1804 1646 1827 vn.
1672 1795 1812 1827 Stobaei.

1105 1849 1205 1879 Idem.

1151 1901 1190 1928 18
1214 1898 1307 1928 Latio
1331 1898 1407 1937 quod
1424 1896 1546 1927 reddita
1571 1896 1667 1926 servit
1684 1895 1810 1935 Africa]

1107 1948 1297 1979 Exstinctis
1325 1946 1477 1978 Gildonis
1502 1946 1624 1985 Furiis,
1649 1955 1713 1986 quo
1731 1954 1813 1976 sane

1110 1998 1197 2028 bello
1216 1998 1322 2028 virtus
1340 2002 1375 2028 et
1391 1997 1530 2027 consilia
1554 2005 1716 2026 summam
1741 1994 1815 2026 feli-

1109 2048 1248 2079 citatem
1265 2047 1469 2078 liabuerunt.
1501 2045 1656 2077 Gildonis
1672 2055 1746 2086 quae
1763 2043 1814 2075 fu-

1109 2098 1174 2129 erit
1201 2098 1366 2138 potentia,
1388 2097 1468 2127 satis
1495 2100 1670 2136 comparet
1693 2104 1735 2125 ex
1764 2094 1815 2125 in·

1109 2148 1294 2188 scriptione
1322 2149 1342 2178 l.
1363 2150 1396 2177 9.
1426 2147 1461 2177 C.
1489 2146 1635 2177 Theodos.
1654 2146 1693 2176 ad
1708 2147 1727 2176 l.
1743 2146 1812 2176 «Iul.

1109 2201 1146 2230 de
1171 2201 1304 2231 adulter.
1350 2199 1419 2230 Ubi
1443 2199 1563 2230 Comes
1591 2203 1627 2229 et
1643 2198 1813 2238 Magister

1110 2250 1287 2291 utriusque
1304 2249 1433 2280 militiae
1450 2259 1512 2289 per
1528 2248 1682 2279 Africam
1699 2248 1815 2289 appel-

1111 2300 1209 2330 latur.
1235 2300 1330 2330 Idem.

1156 2351 1196 2378 10
1225 2348 1368 2378 Vicinum
1384 2348 1461 2387 quod
1485 2347 1580 2377 nescit
1598 2346 1703 2376 Iberia
1721 2346 1814 2377 Mau-

1110 2399 1194 2438 rum]
1232 2399 1359 2438 Utique
1385 2397 1473 2427 enim
1496 2396 1616 2427 Africa
1642 2396 1815 2427 abstracta

1112 2449 1238 2479 bellum
1269 2449 1303 2478 in
1343 2447 1543 2487 Hispaniam
1587 2447 1814 2477 translaturus

1111 2504 1184 2529 crat
1202 2497 1318 2528 Gildo.
1352 2498 1491 2537 Nescire,
1505 2497 1636 2527 acutius
1654 2496 1812 2536 positum,

1110 2549 1288 2589 pra—sentis
1305 2548 1408 2578 hostis
1437 2548 1604 2589 quandam
1627 2547 1812 2579 absentiam

1111 2598 1249 2638 ingerit.
1275 2598 1371 2627 Idem.

1153 2652 1194 2679 20
1235 2649 1323 2683 Quod
1350 2649 1483 2679 miratur
1515 2648 1621 2678 Gallia
1653 2648 1812 2688 Rhenum]

1112 2699 1281 2730 Iusessum
1310 2699 1460 2740 alioquin
1491 2708 1624 2738 semper
1647 2702 1681 2729 et
1710 2697 1811 2729 infes-

1114 2754 1181 2781 tum
1200 2750 1444 2782 Germanorum
1461 2748 1654 2780 insultibus.
1681 2749 1777 2780 Idem.
