1763 3116
474 157 524 187 IN
562 155 853 186 EUTROI‘IUM
893 157 983 187 LlB.
1018 157 1068 186 11.

1394 146 1499 189 1479

722 366 843 407 XX.

337 538 413 585 ΙΝ
461 536 894 584 EUTROPIUM
942 535 1083 584 LlB.
1128 536 1201 583 ΙΙ.

88 705 106 733 l
134 702 316 744 Mygdonii]
362 702 543 742 Phrygiam
587 700 748 731 vid‹licet

47 763 179 785 omnem
209 753 281 784 fere
311 758 381 783 tum
413 752 640 792 depopulatus
675 756 747 781 erat

46 804 254 843 TargibiluS,
272 803 321 833 uti
339 808 452 832 noster
469 803 632 842 appellat,
651 811 748 841 quem

46 855 269 893 Tribigildum
290 855 454 884 Zosimus.

91 903 232 942 Cineres]
256 903 434 943 Reliquia‘,
460 903 550 933 velut
576 903 681 932 omnis
699 912 748 933 cs-

46 957 98 983 set
114 952 299 982 combusta.

93 1002 150 1032 Eoi
182 1001 300 1041 Regni]
325 1001 439 1032 Partis
466 1001 620 1041 Arcadii,
648 1012 749 1042 quam

45 1062 109 1083 non
124 1052 227 1083 semel
242 1052 288 1082 sic
303 1051 455 1091 appellat
473 1056 507 1081 et
522 1051 615 1082 alibi.
633 1052 748 1082 Barth.

88 1105 108 1133 2
135 1102 225 1132 Certe
255 1112 313 1132 non
347 1111 464 1140 augure
487 1101 586 1141 falso]
635 1102 748 1131 Cereoe.

47 1153 101 1184 Sic
120 1153 208 1193 apud
233 1153 378 1184 Statium
395 1153 488 1193 Sylv.
515 1153 601 1183 libro
619 1162 652 1183 v.
671 1153 750 1183 Pie-

46 1209 117 1236 tate
135 1204 321 1235 Abascauti
338 1204 397 1234 sub
414 1203 529 1242 finem,
550 1204 558 1219 ⁶
574 1208 682 1234 certa²
695 1203 750 1243 ju-

48 1260 122 1286 rant
141 1255 172 1285 iu
191 1259 268 1285 vota
286 1260 418 1285 sorores
433 1253 455 1284 ι’
479 1254 536 1284 ubi
561 1254 632 1294 pari
650 1252 749 1283 modo

48 1310 232 1346 peccatur;
257 1310 294 1336 ut
321 1309 355 1335 ct
379 1304 499 1335 eadem
523 1304 666 1343 Ecloga,
692 1303 751 1333 illo

48 1365 162 1387 versu:
177 1357 185 1372 ‘
198 1355 262 1386 Ille
279 1355 379 1386 etiam
392 1360 496 1385 ccrtae
511 1354 658 1393 rupisset
669 1360 751 1384 tem-

49 1415 132 1446 pora
148 1404 249 1434 vitaffl
295 1403 381 1433 Vide
400 1403 605 1433 Gronovium
623 1403 753 1432 Diatri-

48 1455 106 1485 bes
124 1465 152 1485 c.
166 1456 218 1484 47.
235 1458 269 1483 et
287 1462 363 1492 pag.
381 1455 455 1482 415.
482 1453 530 1482 D.
547 1452 659 1483 Heius.

93 1504 184 1534 Certe
197 1513 255 1532 ηυη
269 1501 490 1542 augurefnlso]
506 1501 565 1532 Ait
578 1502 667 1532 enim
681 1506 752 1533 tum

47 1553 182 1584 demum
208 1562 264 1582 eos
291 1551 483 1591 intelligere
510 1551 750 1582 certitudinem

46 1608 285 1641 monstrorum,
303 1612 376 1633 cum
394 1603 467 1643 jam
485 1607 642 1632 eventum
660 1601 751 1633 vide-

50 1661 120 1687 ant.
146 1656 262 1687 Barth.

89 1709 108 1737 4
134 1707 298 1745 Praesagia
314 1705 448 1744 discitis]
480 1706 632 1735 Eventus
661 1705 751 1735 enim

47 1757 203 1798 proditor
221 1767 331 1788 rerum
348 1767 354 1786 ;
380 1756 476 1797 quasi
493 1756 637 1795 diceret,
656 1755 750 1787 malis

47 1807 284 1848 ingruentibus
304 1806 400 1836 initio
415 1816 488 1836 esse
504 1805 750 1845 obsistendum,

47 1857 126 1888 dum
146 1862 263 1888 tenues
280 1856 389 1887 adhuc
407 1861 497 1887 sunt.
527 1857 625 1887 Idem.

89 1912 107 1938 5
134 1907 251 1938 Navita
271 1908 383 1937 Corum
413 1906 583 1947 prospicit]
609 1908 750 1938 Consulit

47 1956 171 1996 primus
189 1955 280 1987 Med.
296 1961 330 1986 et
348 1957 534 1987 Palatinus.
559 1957 634 1987 Val.
653 1957 750 1988 Flac-

48 2016 120 2045 cus,
136 2006 193 2036 lib.
213 2015 265 2036 111.
300 2006 308 2022 ‘
325 2006 405 2045 Ipse
431 2006 518 2036 diem
543 2006 642 2046 longe
659 2007 750 2037 solis-

48 2064 114 2096 que
130 2055 254 2086 cubilia
268 2055 397 2096 Typlris
423 2056 590 2095 Consulit,
608 2056 680 2096 ipse
699 2066 750 2086 ra-

49 2111 116 2136 tem
131 2109 230 2135 vento
244 2105 418 2146 stellisque
431 2105 624 2136 ministrat.'
650 2105 750 2146 Apud

47 2154 230 2193 Lucanum,
258 2155 316 2185 lib.
335 2164 367 2185 v.
392 2156 400 2171 ‘
415 2156 439 2185 si
457 2165 628 2186 murmura
656 2156 751 2196 ponti

48 2206 283 2237 Consulimus.’
310 2207 356 2237 D.
375 2206 487 2236 Heius.

88 2258 108 2286 6
126 2256 299 2296 Prospicit]
316 2256 405 2287 Ante
420 2267 518 2298 quam
531 2257 631 2297 adsit,
646 2258 749 2289 videt.

92 2306 245 2346 Tumidoe]
293 2306 485 2348 Antequam
517 2315 674 2349 erumpat
716 2309 750 2339 in

48 2361 301 2397 tempestatem.
334 2358 451 2390 Barth.

89 2409 107 2437 7
130 2408 205 2438 Jam
225 2407 342 2448 puppe]
368 2409 466 2440 Licet
483 2418 549 2439 non
568 2413 640 2440 toto
657 2409 750 2440 navi-

49 2456 114 2496 gio.
141 2457 236 2488 Idem.

90 2508 109 2536 8
135 2507 218 2541 Quid
243 2508 386 2548 lucrymoe
404 2509 517 2540 delicta
533 2510 650 2550 levant]
675 2510 751 2549 Vel,

52 2554 128 2584 Cum
156 2557 299 2597 lacrymer
328 2558 443 2589 delicta
475 2561 560 2591 luant
575 2570 586 2596 ,·
625 2561 752 2601 primus

50 2603 242 2636 Vaticanus.
268 2608 310 2638 D.
328 2609 436 2639 Heius.

92 2652 251 2693 Lacrymoe
273 2658 386 2688 delicta
409 2660 526 2701 levant]
564 2661 666 2702 Apud
683 2663 751 2693 ani-

52 2711 141 2733 mum
160 2704 291 2742 quidem
308 2707 454 2740 dolentis
480 2711 607 2751 levant,
623 2722 687 2744 non
705 2718 753 2744 ta-

53 2760 132 2785 men
148 2761 268 2784 noxam
292 2755 402 2789 datam
429 2760 622 2794 emendant.
670 2762 753 2796 Ovi.

799 701 885 741 dius,
900 700 1138 732 1v.Tristium:
1166 700 1240 730 ‘cst
1254 698 1408 741 quaedam
1422 697 1503 729 flere

799 753 967 792 voluptaS,
985 753 1154 792 Expletur
1170 751 1331 791 lacrymis
1348 750 1505 791 erigitur-

798 813 862 843 que
879 803 999 834 dolor.‘

842 853 954 892 Stant]
979 854 1056 883 Eois
1071 853 1224 893 partibus
1239 852 1404 883 maculam
1419 851 1503 881 hanc

800 907 1001 942 perpetuam
1026 902 1194 940 adsignat,
1218 907 1254 931 ut
1276 902 1375 932 tollat
1392 900 1504 931 saltim

800 951 1093 990 Occidentalibus,
1123 951 1155 981 in
1179 952 1322 990 gratiam
1345 951 1507 983 Stilicho-

800 1001 851 1030 nis
866 1001 928 1031 sui.
955 1000 1069 1031 Barth.

845 1054 881 1081 11
908 1051 1074 1081 Detersum
1091 1051 1242 1091 maculas]
1267 1050 1431 1082 Infamiae.

850 1101 954 1131 Veteri
982 1104 1051 1141 post
1081 1101 1191 1132 obruta
1227 1102 1329 1132 morbo
1366 1101 1506 1141 Viscera]

801 1151 938 1181 Mature
952 1151 1221 1182 subveniendum
1236 1153 1323 1183 malo
1337 1152 1507 1193 praecipit,

800 1211 820 1232 a
836 1201 951 1232 morbo
970 1207 1141 1241 serpente.
1165 1202 1282 1233 Barth.

846 1254 885 1282 12
910 1252 1053 1282 I'oeonias
1067 1251 1191 1293 herbas]
1215 1252 1385 1284 Medicas.
1408 1253 1506 1286 Idem.

844 1302 1027 1333 Admoreris
1053 1302 1176 1342 herbas]
1218 1303 1313 1334 Artes
1343 1303 1506 1344 Isingrin.

803 1357 837 1383 et
854 1354 1021 1385 Junianus
1039 1363 1114 1385 cum
1131 1354 1310 1385 Pricaeano
1330 1365 1336 1385 :
1367 1355 1509 1386 rectius.

803 1404 847 1432 I).
867 1404 976 1434 Heius.

848 1455 885 1483 14
910 1452 1038 1483 Leniore
1055 1454 1162 1492 manu]
1189 1455 1286 1486 'Pactu
1300 1458 1457 1495 parcente,
1470 1460 1508 1486 ut

802 1502 954 1543 loquitur
962 1503 1118 1543 Serenus,
1133 1513 1208 1543 cap.
1219 1506 1250 1535 6.
1264 1505 1272 1521 ‘
1286 1506 1369 1536 Leni
1381 1505 1506 1545 manu,'

804 1556 841 1582 ut
858 1551 1080 1591 Augustinus.

847 1602 945 1633 Ferro
959 1606 1112 1633 sanantur
1139 1606 1169 1633 et
1201 1603 1285 1643 igni]
1322 1605 1510 1637 ‘Violenta

803 1652 891 1682 enim
916 1652 1005 1682 mala
1036 1652 1186 1683 violenta
1217 1654 1319 1684 etiam
1351 1661 1509 1696 quaerunt

803 1705 974 1745 remedia,'
1004 1710 1041 1735 ut
1070 1705 1220 1746 loquitur
1252 1706 1353 1737 Corn.
1380 1706 1509 1739 Celsus.

803 1754 903 1786 Ovid.
924 1764 949 1786 1.
979 1755 1208 1794 Metamorph.
1233 1754 1507 1787 ‘immedicabile

803 1805 922 1836 vulnus
943 1806 1032 1836 Ense
1052 1805 1273 1836 recidendum
1290 1810 1355 1845 est,
1372 1815 1414 1836 ne
1430 1816 1507 1846 pars

804 1856 939 1886 sincera
957 1855 1132 1887 trahatur)
1160 1856 1277 1887 Barth.

847 1909 884 1936 15
911 1907 961 1937 Ne
973 1906 1207 1948 co‘e‘atsrustra]
1228 1907 1340 1938 Docet
1354 1917 1420 1937 non
1434 1916 1509 1938 esse

803 1956 868 1986 levi
886 1966 985 1986 manu
1003 1956 1209 1996 tangendum
1229 1956 1335 1995 ulcus,
1350 1966 1390 1987 ne
1406 1956 1510 1988 ducat

803 2016 904 2046 supra
920 2007 1126 2044 cicatricem,
1138 2011 1173 2037 et
1191 2016 1253 2046 pus
1267 2007 1428 2048 virusque
1441 2016 1509 2038 ser-

803 2062 861 2087 vet
878 2057 910 2087 in
929 2057 1083 2087 medullis
1110 2057 1191 2096 suis,
1215 2068 1293 2088 mox
1309 2061 1510 2098 erupturum

804 2107 835 2137 in
850 2108 1035 2148 perniciem
1053 2108 1249 2139 laborantis.
1277 2109 1377 2140 Coire
1395 2113 1509 2140 auten]

804 2158 921 2189 vulnus
950 2159 1075 2189 dicitur
1105 2158 1195 2200 quod
1224 2159 1375 2190 externis
1393 2169 1509 2199 supre-

803 2211 935 2250 misque
953 2210 1054 2240 labris
1072 2210 1245 2250 jungitur,
1273 2210 1366 2241 intus
1394 2212 1509 2241 servat

805 2259 1031 2298 putredinem.
1057 2259 1153 2290 Idem.

848 2311 897 2341 Ne
910 2310 1162 2352 noccatfrustra]
1179 2310 1326 2341 Omnino
1338 2309 1510 2341 adsentior

804 2361 854 2391 Cl.
882 2361 1027 2391 Barthio
1053 2361 1138 2391 coeat
1173 2361 1317 2401 legentis
1350 2361 1403 2391 vel
1437 2360 1508 2390 sine

803 2412 907 2443 libris.
955 2412 1057 2442 Ovid.
1091 2413 1268 2443 ‘Vulnera
1295 2422 1360 2443 non
1389 2411 1509 2452 agites,

803 2462 829 2492 si
848 2472 914 2502 qua
932 2462 1027 2493 c0'1're
1045 2462 1151 2494 velis)
1177 2463 1334 2503 Propert.
1359 2467 1367 2480 ‘
1385 2463 1509 2493 Vulne-

804 2522 906 2554 raque
930 2513 973 2543 ad
990 2523 1107 2543 sanum
1137 2523 1226 2544 nunc
1253 2512 1368 2543 co'l'ere
1396 2522 1469 2543 mea
1487 2511 1508 2541 :'

804 2567 905 2603 atque
945 2563 992 2593 ita
1031 2562 1154 2593 medici
1199 2566 1333 2593 veteres
1373 2561 1507 2601 passim.

804 2612 903 2645 Quod
921 2613 1007 2643 idem
1025 2613 1187 2653 irruptum
1198 2622 1258 2653 pro
1273 2615 1418 2652 eruptura
1431 2619 1509 2641 con-

805 2663 916 2694 tendit
947 2663 1066 2703 reponi
1108 2662 1249 2700 debere,
1288 2671 1351 2691 non
1383 2659 1509 2691 accedo

804 2713 875 2754 ejus
893 2713 1084 2744 sententiae.
1111 2713 1156 2742 D.
1172 2712 1284 2742 Heius.

850 2766 889 2795 16
913 2763 1069 2795 Funditus
1094 2762 1201 2792 humor
1231 2758 1368 2800 Defluat]
1392 2759 1439 2790 Ut
1465 2770 1507 2790 ex
