1859 3148
335 121 447 164 1718

336 223 444 255 undus
458 224 510 261 sis,
523 224 645 265 cuique
660 223 787 253 natales
800 226 874 254 tuos
885 221 1034 253 debeas?

335 273 424 304 unde
441 274 594 313 spiritum
613 272 771 302 duxeris?
797 271 911 303 Barth.

379 327 415 354 li
442 324 599 363 Frugibus
629 321 765 358 (eternis,
801 331 861 352 non
895 322 1035 363 Consule,

335 378 489 414 computat
513 373 620 412 annos]
651 372 909 411 Simplicitatem
937 374 1034 404 rusti-

337 435 411 456 cam
428 435 502 456 cmn
517 423 686 454 innocenti
701 423 742 453 ad
759 433 827 454 rem
845 425 1033 456 attentione

335 475 517 506 secundum
542 472 728 503 naturalem
760 477 947 514 temporum
978 475 1034 506 ob-

334 524 559 555 servationem
589 522 708 553 innuit.
754 522 954 555 Consulibus
976 534 1033 555 no-

335 581 406 605 tare
424 583 527 604 annos
551 573 722 604 hominum
747 579 950 605 eaeterorum
968 578 1033 606 est.

335 623 523 663 Tranquilli
540 623 638 663 liujus
651 629 687 654 et
702 624 858 656 incuriosi
882 625 1032 665 negotio-

336 684 407 704 rum
423 674 488 704 alia
503 673 587 704 ratio
602 678 665 705 est.
691 674 790 705 Idem.

378 726 416 754 13
442 723 528 754 Idem
549 724 653 754 condit
679 724 770 764 ager]
810 725 885 755 Nee
917 725 1034 756 coeles-

335 775 414 805 tium
440 784 621 815 corporum
645 780 703 806 aut
716 773 902 815 spatiorum
919 775 1034 806 mnndi

334 836 447 857 curam
466 827 576 857 auimo
592 825 758 866 admittit,
785 835 861 866 quae
877 835 931 857 res
957 826 1036 857 alio-

334 877 412 917 quin
441 881 566 917 agnata
581 876 830 918 quodammodo
852 876 1034 917 agricultu-

333 937 377 957 ΓΛ*
396 932 457 958 est.
484 929 579 958 luem.

379 980 413 1007 15
441 976 710 1016 I'urvogramiue]
744 976 902 1008 Meminit
918 977 1033 1016 ingen-

334 1033 401 1057 tem
433 1028 665 1068 insignemque
699 1037 861 1068 quercum
893 1037 1033 1067 parvum

333 1077 436 1107 fuisse
453 1087 598 1118 gramen.
632 1078 832 1119 Hyperbole
845 1083 895 1109 est
911 1089 918 1116 3
935 1078 1033 1109 tarde

333 1128 421 1157 onim
437 1129 560 1159 erescit
572 1138 726 1169 quercus.
753 1128 849 1160 Idem.

378 1181 526 1211 Gr'amziue
562 1179 721 1220 quercum]
775 1180 923 1211 Germine
957 1189 1032 1210 cum

566 131 706 161 NOTAE
741 129 1004 160 VARIORUM
1038 130 1089 160 IN
1123 130 1198 161 CL.
1232 131 1413 161 CLAUD.
1448 131 1552 161 L111.

1089 224 1292 255 membranis
1330 223 1568 263 integrior-ibus
1600 223 1688 255 bene
1727 226 1790 256 Ra·

1089 275 1299 315 phelengius,
1333 273 1558 304 dissentiente
1589 274 1670 306 licet
1707 276 1800 314 Bar·v

1089 324 1171 356 tliio.
1196 326 1239 356 D.
1256 325 1368 355 Heius.

1132 378 1170 406 17
1200 375 1317 407 Verona
1333 377 1479 406 remotior
1495 375 1598 415 Indis]
1636 377 1789 409 Incurio·

1088 435 1124 456 so
1140 435 1329 456 sermonum
1346 436 1352 455 :
1390 435 1499 466 neque
1516 426 1603 456 enim
1620 427 1703 458 alios
1729 437 1788 467 po-

1089 477 1199 516 pulos,
1236 477 1334 516 urbes,
1374 478 1469 516 lacus,
1506 478 1615 508 auimo
1651 477 1789 510 admisit

1089 536 1245 566 unquam.
1270 527 1385 557 Barth.

1130 579 1172 607 20
1196 576 1368 607 Robustum
1380 579 1484 618 arum]
1507 578 1630 609 Procul
1644 579 1790 618 deliciis,

1089 626 1208 666 procul
1222 626 1323 656 etiam
1340 627 1465 657 morbis
1478 627 1614 657 urbanis
1627 633 1662 659 et
1680 629 1789 660 turbae

1089 675 1255 715 humanae,
1271 676 1456 706 secundum
1469 681 1624 707 naturam
1637 678 1767 709 vixerat
1782 689 1792 717 ;

1089 726 1205 766 itaque
1217 726 1352 756 tertiam
1371 730 1508 756 aetatem
1522 726 1657 757 valente
1669 725 1790 758 floren-

1090 782 1192 817 teque
1209 785 1352 816 corpore
1369 776 1520 815 tenebat,
1535 776 1658 808 crudus
1676 787 1790 810 senec-

1091 833 1137 867 ta,
1154 827 1355 868 integerque
1373 827 1508 858 viribus.
1534 828 1632 858 Idem.

1130 880 1172 909 22
1199 879 1274 908 Plus
1297 877 1387 909 habet
1417 878 1468 908 hic
1498 878 1585 917 ritae]
1632 879 1791 911 clausula

1088 928 1353 969 elegantissima,
1369 931 1403 958 et
1428 928 1485 958 tali
1502 928 1651 958 carmine
1673 927 1788 969 digua.

1089 979 1181 1017 vita,
1197 988 1271 1018 quae
1289 978 1350 1008 sibi
1368 978 1462 1017 vivit,
1489 978 1556 1008 κατ’
1580 978 1703 1018 ἐξοχὴν,
1721 980 1790 1010 vel-

1089 1032 1125 1058 ut
1137 1028 1206 1058 sola
1223 1038 1263 1058 eo
1279 1028 1413 1059 nomine
1426 1028 1541 1068 digna.

1137 1079 1229 1117 Viae,
1245 1078 1317 1118 τίω]
1350 1078 1436 1116 Vita,
1451 1079 1514 1117 via,
1535 1079 1627 1110 velut
1639 1078 1788 1119 proficis-

1088 1129 1194 1159 centis
1213 1129 1386 1159 transitus.
1416 1128 1533 1159 Barth.

991 1411 1121 1453 LIII.

775 1566 820 1607 3.
874 1564 940 1606 De
969 1564 1086 1619 Apro
1118 1572 1155 1605 et
1190 1562 1338 1606 Leone.

373 1702 385 1729 l
417 1699 530 1729 Torvus
544 1697 632 1738 aper]
677 1697 718 1729 Id
747 1698 777 1728 ei
804 1697 885 1729 ferae
909 1707 1028 1739 perpe-

332 1753 423 1779 tuum
441 1748 631 1789 epitheton.

371 1797 520 1838 Super-bis
537 1797 675 1837 Viribus]
700 1797 853 1828 Confisos
868 1798 955 1828 enim
970 1807 1030 1838 pro

326 1859 361 1879 se
371 1857 535 1889 quemque
551 1849 597 1878 ait
609 1848 745 1878 summis
757 1848 824 1878 suis
837 1848 928 1879 inter
939 1847 1028 1879 feras

326 1898 467 1929 viribus.
512 1897 759 1938 Argumentum
798 1898 1029 1939 Epigramma-

324 1949 368 1978 tis
383 1953 434 1979 est
451 1947 492 1978 de
507 1948 709 1988 Principatu
727 1953 875 1980 certasse
887 1949 945 1979 has
960 1949 1029 1980 bel-

326 2001 479 2039 luas‚sed
496 2005 676 2040 utramque
691 2000 867 2032 cecidisse.
891 2002 1007 2033 Barth.

359 2053 378 2080 2
403 2050 468 2080 Hic
483 2051 570 2090 setis]
594 2050 667 2080 Sota
682 2051 885 2081 membranae
900 2056 1027 2091 praeter

325 2100 424 2140 prim.
456 2101 669 2130 Vaticanum.
709 2101 791 2131 Mox
819 2111 879 2142 pro
902 2106 1028 2142 uterque

325 2160 504 2191 perperam
537 2161 578 2181 ex
607 2153 713 2182 veteri
743 2153 827 2183 libro
851 2154 1026 2186 Claverius

324 2201 454 2241 utrique.
501 2202 609 2231 Versu
633 2203 740 2242 primo
758 2204 916 2235 Bartliius
930 2206 1027 2237 coiere

322 2251 445 2292 superbi
476 2252 610 2292 Viribus,
639 2263 705 2283 non
736 2255 896 2294 superbis;
918 2256 973 2297 qui
991 2262 1026 2288 et

323 2301 423 2333 finem
441 2303 675 2344 epigrammati
693 2305 811 2337 deesse
828 2307 1025 2339 arbitratur.

323 2353 367 2384 D.
384 2352 494 2385 Heius.

1130 1696 1196 1728 Hic
1210 1696 1284 1727 setis
1299 1695 1422 1735 soevior,
1438 1695 1587 1736 t'llejuba]
1619 1695 1787 1738 Intelligit

1087 1753 1198 1779 autem
1225 1746 1409 1778 iracundiae
1427 1751 1462 1777 et
1484 1747 1694 1778 crudelitatis
1710 1758 1787 1779 con-

1086 1802 1198 1838 ceptae
1223 1802 1351 1836 notam,
1368 1796 1401 1826 in
1418 1797 1517 1827 leone
1529 1797 1637 1837 jubae,
1655 1799 1686 1828 in
1705 1808 1786 1839 apro

1087 1853 1231 1879 setarum
1247 1847 1503 1878 surrectionem.
1529 1848 1646 1878 Barth.

1127 1902 1145 1930 3
1171 1899 1266 1930 Hunc
1298 1897 1403 1938 Mars]
1448 1897 1578 1939 Aprum
1614 1898 1787 1931 videlicet.

1085 1951 1151 1983 Qui
1168 1950 1272 1980 Marti
1287 1954 1517 1988 consecratus,
1542 1949 1574 1979 in
1592 1950 1686 1990 eujus
1698 1949 1724 1980 is
1737 1949 1785 1980 ef-

1083 2002 1161 2043 figie
1178 2002 1314 2033 rivalem
1330 2001 1431 2032 etiam
1450 2011 1544 2031 suuni
1560 2001 1697 2032 occidit.

1124 2054 1313 2084 Domiuatur
1327 2056 1452 2092 uterque
1464 2051 1638 2091 Montibus]
1656 2051 1785 2083 Princi-

1083 2103 1186 2144 pium,
1201 2104 1262 2143 ait,
1283 2103 1429 2133 terarum
1445 2107 1681 2134 montauarum
1697 2108 1785 2134 uter-

1083 2164 1147 2195 que
1165 2153 1277 2184 habet.
1303 2154 1417 2184 Barth.

1123 2207 1141 2234 4
1169 2204 1344 2234 Herculeus
1362 2204 1455 2233 sudor
1478 2206 1606 2242 uterque
1621 2201 1705 2242 fuit]
1742 2202 1782 2232 Id

1084 2260 1145 2293 est,
1158 2255 1248 2285 inter
1264 2253 1421 2285 Herculis
1438 2253 1622 2283 certamina
1637 2252 1732 2293 Aper
1747 2257 1782 2282 et

1080 2307 1150 2337 Leo
1163 2305 1282 2336 douiiti
1298 2304 1505 2335 referuntur.
1530 2303 1627 2334 Idem.
