1859 3148
336 167 449 209 1634
518 175 661 206 NOTAE
695 171 958 203 VAR10RUM
993 172 1043 202 ιΝ
1079 173 1153 203 01..
1187 173 1368 204 effluo.
1402 173 1597 205 xxxiii.

338 270 495 312 mysteria
512 269 662 300 initialia.
688 267 803 297 Barth.

384 324 444 352 112
484 317 688 356 latenterata]
727 317 909 355 Nunquam
946 315 1038 355 peje-

341 377 427 407 rata,
442 374 666 400 sacrosancta.
690 365 841 405 Stygiam
855 369 968 396 autem
982 375 1038 405 pa-

339 423 453 453 ludem
473 420 642 457 intelligit,
655 419 803 447 Deorum
821 417 1038 447 sacerrimum

337 474 578 514 juramentum.
603 469 698 498 Idem.

388 526 446 553 113
474 519 580 558 Ciebo]
604 518 642 547 In
661 517 787 556 praelia.
814 517 913 548 Idem.

388 576 446 603 ιη
474 569 621 607 Tartara]
660 568 830 609 Quicquid
862 568 922 599 sub
953 572 1043 598 terra

344 630 522 660 regnorum
551 619 756 659 fingebatur,
796 619 859 649 hoc
897 618 1044 649 habebat

345 679 478 702 nomen.

387 720 532 759 Saturni]
564 718 630 750 Qui
648 718 749 748 miser
767 718 916 747 eviratus
933 725 952 747 a
966 715 1044 746 tiliis

345 771 430 802 etin
452 770 644 800 aven-nalem
670 772 742 798 erat
765 777 951 805 carcerem,
975 766 1045 796 sine

345 831 405 862 spe
422 819 624 857 emissionis,
640 822 851 858 compactus.
878 817 993 848 Barth.

389 871 520 901 Saturni
533 868 644 898 laxabo
659 868 794 907 catenas]
817 867 982 897 Saturnus
994 876 1047 897 ca-

346 924 496 956 tenatus,
511 919 553 949 ob
567 918 762 948 tarditatem
778 922 888 947 motus
900 917 961 956 sui,
974 916 1048 946 Ful-

349 975 440 1009 gent.
466 979 526 999 seu
541 968 629 1008 quod
648 968 734 997 tardi
759 968 825 997 sint
845 967 905 997 Dii
921 966 961 997 ad
980 966 1049 996 vin-

349 1019 557 1056 dicandnm3
581 1028 638 1047 seu
661 1017 747 1058 quod
773 1016 870 1056 pueri
896 1017 927 1045 in
952 1022 1050 1046 utero

349 1069 550 1110 quibusdam
570 1067 710 1097 vinculis
726 1067 953 1097 detineantur.
979 1066 1051 1096 Ma-

354 1120 446 1149 crob.
472 1129 514 1148 ex
535 1117 755 1157 Apollodoro,
782 1116 836 1147 lib.
855 1126 877 1147 1.
916 1117 1051 1147 Saturn.

352 1180 427 1209 cap.
443 1173 474 1199 S.
497 1168 732 1199 Saturnalibus
747 1167 953 1203 solvebatur,
965 1166 1052 1196 Stat.

353 1220 411 1250 lib.
430 1228 452 1249 1.
484 1219 594 1254 Silius,
610 1218 664 1247 lib.
681 1226 730 1247 vi.
749 1217 891 1256 princip.
916 1218 924 1232 ‘
939 1216 1053 1246 Satur-

354 1280 415 1301 nus
432 1270 510 1299 milii
525 1267 689 1306 compede
705 1266 886 1296 exolutus!
912 1266 1053 1304 Dempst.

400 1320 544 1355 Tartara,
570 1318 699 1347 Saturni
716 1319 832 1345 veteres
849 1316 958 1345 laxabo
974 1318 1053 1345 cate-

354 1369 423 1408 nas]
448 1367 531 1398 Inde
550 1367 582 1396 iu
607 1365 761 1396 omnibus
785 1364 872 1394 fanis
890 1365 1055 1395 Romano-

355 1429 441 1456 rum,
467 1418 601 1448 vincula
627 1416 747 1447 statuis
775 1416 909 1446 Saturni
927 1415 1056 1455 injecta

354 1474 464 1507 erant,
487 1479 561 1509 qnae
580 1468 670 1498 festo
694 1467 798 1507 ipsius
823 1467 1055 1505 solvebantur,

355 1521 388 1550 in
405 1520 598 1550 memoriam
614 1518 808 1549 securitatis
823 1523 856 1548 et
869 1517 1056 1556 felicitatis,

356 1581 453 1611 quam
467 1570 526 1600 sub
540 1570 595 1599 illo
611 1573 755 1607 egerunt
770 1568 931 1599 homines.
960 1569 1055 1598 Idem.

400 1626 459 1652 115
488 1621 643 1651 Obducam
671 1619 803 1650 tenebris
831 1619 938 1658 sotem]
980 1620 1056 1650 Non

356 1673 450 1703 lacem
466 1670 597 1710 scripti.
621 1671 664 1700 D.
681 1670 790 1700 Heius.

403 1724 461 1753 117
491 1721 554 1751 Vix
568 1719 699 1757 casatas
712 1719 791 1758 erat]
815 1720 983 1750 Summam
1001 1729 1057 1750 ex-

359 1770 543 1812 peditionis
560 1769 770 1800 celeritatem
787 1770 912 1804 arguit.
941 1769 1057 1800 Barth.

403 1824 464 1851 118
489 1820 600 1860 Pater]
621 1819 769 1858 Jupiter.
799 1820 892 1849 laem.

404 1873 466 1901 119
489 1870 637 1900 Diversus
660 1870 770 1899 ducens
792 1868 923 1907 aainms]
948 1869 988 1899 In
1012 1868 1059 1899 di-

361 1930 479 1957 vorsa3
504 1924 541 1950 ut
557 1919 588 1949 in
606 1919 682 1949 illo:
707 1920 715 1934 ‘
733 1929 766 1948 se
786 1919 968 1949 matutinus
983 1929 1060 1958 age-

360 1971 440 2001 bat!
495 1970 571 2000 Hoc
602 1974 665 2007 est,
698 1969 864 1999 matutino
896 1973 1059 2008 tempore.

360 2021 490 2051 Animos
506 2029 565 2058 pro
582 2017 786 2049 adfectibus.

405 2070 554 2100 Diversos
563 2070 672 2098 (iacens
684 2068 814 2107 animos]
843 2069 974 2098 Diverso
987 2070 1062 2100 Cla-

362 2120 473 2150 vcrius
501 2129 542 2149 ex
569 2118 653 2148 libro
681 2128 752 2148 suo.
800 2119 923 2149 Putem
950 2120 1063 2150 ‹Iit-isos

363 2170 474 2199 ducens
486 2168 602 2198 animos
619 2174 655 2198 ut
669 2168 702 2198 in
716 2168 773 2198 illo
791 2169 958 2199 Maronis:
978 2170 986 2186 ‘
1001 2170 1062 2200 At-

365 2230 428 2260 que
447 2220 591 2249 animum
618 2229 704 2249 nuuc
726 2220 789 2249 linc
813 2220 957 2250 celerem
974 2230 1063 2251 nunc

363 2269 485 2301 dividit
502 2269 605 2300 illuc.'
640 2269 815 2300 Adeantur
831 2280 919 2300 curae
937 2276 1063 2301 nostra·

365 2320 521 2351 secundae
555 2319 595 2349 ad
626 2319 768 2349 Nasonis
800 2321 885 2350 Met.
912 2330 964 2351 111.
990 2324 1063 2350 380.

368 2370 519 2409 Falgidas
536 2370 637 2399 ctiam
658 2379 717 2408 pro
738 2369 872 2400 Lacidus
888 2371 928 2401 ab
946 2371 1064 2401 eodem

365 2419 450 2451 libro
468 2425 529 2449 est.
555 2420 598 2449 D.
620 2419 729 2449 Heius.

410 2470 566 2510 Sequatur
597 2470 796 2510 conjugium]
843 2471 918 2501 Non
947 2471 1064 2502 invita.

368 2520 484 2552 Barth.

412 2573 473 2601 120
499 2571 561 2600 Pro
577 2569 652 2609 sole]
678 2570 758 2599 Vico
777 2571 874 2600 Solis,
900 2572 996 2602 Idem.

412 2624 471 2652 121
497 2621 672 2660 Sententia]
697 2621 864 2661 Quicquid
893 2627 969 2660 post
998 2622 1068 2652 ‹liu-

372 2676 503 2702 turnam
521 2672 622 2701 animi
650 2671 908 2701 alternationem
934 2672 1067 2702 conclu-

371 2721 463 2754 ditur
479 2726 514 2754 et
531 2731 591 2762 pro
605 2725 677 2752 rato
693 2721 851 2762 habetur,
867 2721 1068 2753 diciturscn·

1087 267 1198 297 tentia.

1131 317 1234 356 Sedit]
1255 317 1393 347 Placuit
1415 315 1557 346 firmiter
1581 320 1617 346 et
1633 319 1788 347 constan·

1089 370 1152 398 ter.
1177 367 1289 398 Barth.

1135 420 1196 447 122
1220 419 1352 448 AEtnoeoe
1370 417 1492 456 Cereri]
1519 416 1646 446 Ennoeae
1660 415 1790 446 Turne-

1092 466 1153 497 bus
1171 467 1201 496 in
1218 467 1447 504 Adversariis;
1472 466 1560 507 quod
1575 465 1718 505 Gyrald.
1735 475 1790 495 co-

1094 516 1159 547 dex
1190 522 1225 547 et
1256 517 1458 548 Oxoniensis
1488 516 1699 553 confirmant,
1728 514 1791 545 nisi

1096 567 1183 608 quod
1216 567 1377 607 aspiratio
1408 566 1583 597 addenda:
1623 565 1655 595 in
1687 563 1791 595 tertio

1096 617 1261 646 Vaticano
1290 615 1448 646 mendose
1476 616 1613 646 Eanoeoe.
1652 614 1794 645 Frustra

1096 667 1200 705 igitur
1227 666 1399 696 Claverins
1429 664 1619 704 Gyraldum
1650 664 1795 703 Syntag-

1097 721 1187 745 mate
1207 723 1280 745 xiv.
1297 714 1339 744 de
1353 714 1430 744 Diis
1449 713 1601 753 gentium
1617 711 1665 742 sic
1682 720 1794 742 emen-

1099 765 1236 795 dantem
1265 764 1397 803 carpit;
1419 762 1546 794 frustra
1572 772 1631 803 pro
1659 762 1798 802 vulgata

1099 813 1269 854 scriptura
1280 814 1440 843 velitatur
1454 813 1623 844 Bartlnus.
1655 812 1796 842 Hennoea

1102 865 1195 895 Ceres
1219 869 1288 894 tam
1317 863 1358 893 ab
1386 863 1510 903 oppido
1536 862 1671 900 Siciliae,
1699 872 1798 902 quam

1101 925 1189 956 pago
1220 915 1350 953 Attico,
1386 915 1440 944 cui
1469 913 1659 952 colebatur,
1695 913 1799 944 dicta.

1104 966 1328 997 Callimachus
1354 965 1384 994 in
1411 964 1483 1003 ejus
1510 963 1675 1003 Hymmo:
1703 962 1756 993 θεὰ
1772 962 1797 992 δ’

1103 1015 1281 1054 {venatus-ro
1298 1014 1385 1054 χώρῳ
1394 1012 1514 1044 Ὄσσον
1530 1013 1692 1049 Ἐλευσῖνι,
1714 1012 1799 1052 Τριό-

1102 1079 1148 1105 πῳ
1165 1067 1188 1096 θ’
1205 1065 1277 1096 ὅσον
1293 1064 1421 1095 ὁκκόσον
1435 1064 1540 1094 Ἔννα.
1588 1064 1653 1094 Ubi
1671 1063 1801 1093 Scholi-

1104 1121 1204 1154 astos,
1216 1113 1356 1145 Ἐλευσῖν
1369 1114 1418 1144 καὶ
1426 1113 1530 1149 Ἔννα,
1545 1114 1631 1149 δῆμοι
1647 1112 1799 1149 Ἀττικῆς·

1103 1166 1165 1196 nisi
1192 1167 1305 1204 lapsus
1333 1169 1394 1194 est.
1453 1163 1594 1200 Statius,
1621 1162 1723 1193 Theb.
1750 1171 1800 1193 lv.

1103 1216 1111 1232 ‘
1130 1216 1292 1246 Hennaeae
1314 1213 1429 1244 Cereri
1448 1217 1548 1251 negat
1563 1212 1638 1242 avia
1653 1213 1765 1253 Dyme
1779 1213 1800 1243 z'

1105 1267 1154 1296 sic
1172 1272 1205 1296 et
1221 1266 1310 1295 illam
1322 1265 1434 1301 Silius,
1452 1263 1506 1293 lib.
1523 1272 1544 1293 1.
1560 1267 1670 1293 vocat.
1695 1263 1804 1302 Lyco-

1105 1315 1225 1355 phroni
1238 1316 1339 1345 etiam
1352 1314 1474 1344 Ἔνναῖα
1487 1311 1597 1353 ἐριννὺς
1608 1312 1711 1343 dicta.
1740 1313 1802 1343 En-

1105 1375 1203 1395 naeam
1225 1365 1327 1395 diram
1350 1364 1490 1395 eandem
1515 1363 1603 1393 idem
1619 1362 1720 1393 Silius
1737 1372 1802 1393 non

1107 1425 1171 1446 uno
1181 1416 1256 1446 loco
1269 1415 1434 1455 appellat,
1445 1418 1480 1444 et
1492 1415 1641 1444 Ennoeam
1652 1413 1805 1451 virginem

1108 1466 1358 1505 Proserpinam.
1404 1464 1557 1494 Ennensis
1587 1464 1681 1494 Ceres
1715 1463 1806 1503 apud

1108 1516 1290 1546 Firmicum
1306 1515 1347 1545 de
1362 1523 1476 1544 errore
1494 1512 1710 1553 profanarum
1730 1512 1807 1542 reli·

1108 1565 1254 1604 gionum.
1280 1565 1407 1595 Lucan.
1424 1563 1481 1594 lib.
1498 1572 1546 1593 Vl.
1570 1563 1578 1578 ‘
1595 1572 1668 1603 qnae
1688 1568 1720 1592 te
1737 1563 1806 1592 De-

1109 1617 1240 1646 tineant
1271 1615 1427 1645 Hennaea
1457 1612 1592 1652 dapes:'
1633 1612 1687 1642 ubi
1718 1613 1805 1644 male

1108 1668 1206 1705 vulgo
1247 1667 1421 1697 contineant
1457 1666 1591 1695 AEtnoea.
1650 1665 1807 1697 Sidonius

1110 1718 1280 1757 Panegyr.
1310 1716 1499 1755 Majorani:
1535 1715 1659 1745 ‘Enna
1685 1715 1806 1746 Perse-

1110 1768 1231 1807 phone,
1244 1767 1401 1797 Minerva
1416 1765 1581 1806 Hymetto
1596 1765 1616 1795 :’
1639 1765 1737 1805 plura
1750 1765 1808 1797 alii

1109 1822 1361 1857 congesserunt,
1378 1826 1459 1857 quos
1477 1826 1542 1846 non
1558 1815 1714 1855 compilo.
1738 1815 1808 1846 Cae-

1110 1874 1217 1900 terum
1244 1868 1356 1898 Henna
1373 1878 1437 1898 non
1464 1871 1594 1897 tantum
1612 1870 1811 1897 constanter

1111 1919 1285 1949 veterrimi
1303 1918 1391 1957 apud
1410 1917 1582 1955 Ovidium,
1597 1916 1727 1955 Silium,
1751 1916 1809 1946 So·
1855 1930 1858 1943 ;

1112 1969 1228 2006 linum,
1245 1968 1442 2003 Arnobium,
1456 1967 1537 1997 alios
1549 1971 1736 2006 agnoscunt
1753 1966 1810 1996 ad·

1112 2019 1184 2049 dita
1212 2019 1414 2058 aspiratione
1454 2017 1608 2047 codices:

1656 2017 1714 2048 sed
1747 2026 1809 2047 nec
1855 2029 1858 2037 ⁴

1113 2069 1212 2100 aliter
1234 2068 1448 2099 scribendum
1473 2068 1579 2097 Plinii
1603 2068 1809 2098 auctoritate
1854 2082 1859 2095 ι,

1113 2119 1294 2159 evincitur,
1309 2128 1364 2149 111.
1382 2122 1412 2149 8.
1448 2119 1620 2149 Naturalis
1637 2118 1813 2157 Historiae,
1857 2140 1859 2144 -

1113 2169 1169 2199 ubi
1185 2169 1308 2200 Siciliae
1331 2169 1488 2199 civitates
1511 2167 1629 2197 ordine
1655 2167 1817 2207 alphabe·
1856 2163 1859 2187 Γ

1114 2221 1183 2250 tico
1201 2223 1365 2249 recenset.

1114 2269 1234 2300 codice
1262 2268 1434 2306 Mediceo,
1463 2268 1471 2282 ‘
1496 2267 1680 2297 Emendavi
1710 2268 1813 2299 Nico-

1115 2320 1249 2350 machus

1115 2370 1206 2410 apud
1224 2367 1403 2399 Hennam.’

1116 2425 1222 2450 tustus
1236 2419 1325 2459 apud
1341 2419 1444 2448 virum
1462 2419 1508 2449 rei
1526 2419 1724 2459 antiquariae
1740 2429 1813 2460 per-

1117 2479 1213 2510 quam
1238 2469 1422 2499 studiosum
1452 2469 1666 2499 Franciscum
1685 2469 1813 2500 Gotho·

1115 2518 1248 2549 fredum
1282 2519 1396 2549 Roma*
1429 2519 1505 2548 milii
1532 2525 1745 2559 conspectus,
1772 2519 1814 2550 ab

1117 2580 1183 2599 una
1206 2575 1300 2608 parte
1317 2575 1420 2609 caput
1441 2569 1602 2599 muliebre
1619 2569 1814 2608 exhibebat,

1117 2620 1251 2649 Cereris
1277 2625 1423 2659 utputo,
1449 2619 1541 2649 hisce
1558 2619 1682 2649 additis
1700 2619 1815 2658 literis,
1855 2639 1857 2642 <

1119 2679 1157 2700 M.
1175 2679 1267 2700 casr.
1341 2679 1521 2701 monario.
1539 2670 1580 2700 ab
1593 2671 1701 2700 altera
1714 2674 1814 2710 parte

1117 2720 1168 2750 vir
1184 2725 1220 2751 et
1243 2719 1382 2751 foemina.
1407 2720 1518 2751 currui
1542 2720 1742 2762 quadrijugo
1766 2719 1814 2750 in·
1855 2727 1857 2731 ’

1287 2318 1466 2348 Flavianus
1498 2327 1553 2348 111.
1589 2317 1691 2349 Praef.
1728 2319 1812 2350 Urb.
1855 2331 1857 2349 2

1448 2369 1612 2398 Nummus
1634 2378 1742 2399 aereus
1760 2377 1813 2399 ve·
1855 2385 1858 2411 γ

1412 2218 1450 2247 In
1476 2217 1710 2256 antiquissimo
1727 2218 1812 2249 Livii
1858 2219 1859 2223 ’
