1763 3116
480 146 541 175 DF.
574 145 638 173 vt.
670 142 808 173 CONS.
841 141 1026 171 rtoNoR.

73 245 114 273 00
151 241 274 272 Socium
308 239 442 271 sumebat
477 235 637 275 honorum]
677 236 731 266 In-

31 292 128 324 ‹luxit
152 292 240 323 enim
267 290 474 329 triumphans
499 298 612 318 secum
644 287 730 324 urbi,

33 348 69 373 et
96 341 300 381 congiarium
325 349 399 370 cum
422 348 461 369 eo
480 339 605 379 populo
624 338 732 368 dedit.

31 393 147 423 Barth.

74 446 114 473 67
141 442 297 480 Purpureo
312 439 419 476 fotum
440 437 577 478 gremio]
613 439 732 469 Tertio

32 492 215 523 Consulatu
232 501 238 519 :
264 492 271 506 ‘
290 499 364 519 cuni
393 496 426 519 tu
445 489 609 528 genitoris
627 488 734 518 arnico

32 543 203 580 1⁴1xceptiis
231 540 369 579 gremio,
398 539 541 569 inediam
573 539 734 569 veherere

33 601 92 631 per
109 590 258 628 Urbanus
282 593 346 619 otc.

77 642 271 680 Puri-umque
305 640 469 679 triumphis
511 640 634 679 Induit]
678 640 734 670 sic

33 692 190 723 meliores
207 691 282 721 libri
301 703 306 721 :
331 691 397 730 alii,
421 691 543 729 imbuit,
572 691 660 731 quod
681 692 737 721 nii-

35 752 87 771 rur
108 742 375 781 Rupliclengiuiu
394 747 546 771 secutum
566 752 572 770 ;
595 741 643 771 sic
662 743 670 756 ⁴
690 741 737 770 iu-

36 794 138 821 ‹luere
168 791 338 827 uioril›us‚'
365 792 384 822 l.
404 801 455 822 ιιι.
479 792 510 821 iu
533 791 662 821 Stilicli.
690 801 736 820 vs.

40 846 110 872 121.
143 842 198 871 ubi
231 842 337 882 pluru.
384 840 492 877 lut'ra,
519 844 527 857 ⁶
547 851 644 881 quein
673 851 737 871 nou

35 891 145 921 atiena
163 900 222 929 per
239 900 318 919 arva
337 890 453 920 Induit
475 890 596 929 hospes
614 890 738 919 honos?

37 942 138 971 (jons.
156 940 272 980 Olybr.
297 942 304 956 ‘
323 945 356 970 tc
375 941 537 969 messibus
555 945 655 970 {estas
684 940 738 970 ln-

38 989 140 1021 duat.’
166 999 214 1021 ιν.
233 992 331 1020 Cous.
351 990 440 1021 Hon.
466 991 474 1006 ‘
490 990 664 1030 Auspiciis
679 992 738 1021 ite-

38 1050 108 1070 rum
140 1049 211 1069 sese
244 1039 412 1079 regalibus
446 1049 553 1069 annus
586 1040 701 1070 Induit
718 1040 737 1070 :'

38 1090 102 1121 duo
120 1090 194 1120 libri
210 1089 379 1129 trophoeiae
403 1099 467 1120 non
494 1089 609 1119 refert.
657 1090 738 1119 Mox

30 1139 114 1178 sutis
127 1139 291 1180 projustis
303 1151 378 1170 cuin
398 1140 550 1180 Lucensi,
564 1141 661 1180 prim.
679 1141 740 1171 Yu-

40 1191 98 1222 tic.
117 1191 228 1231 priore
254 1190 347 1222 Leid.
373 1196 406 1221 et
434 1200 498 1220 uuo
525 1190 681 1221 Ainbros.
700 1191 742 1220 le-

41 1241 187 1282 gendum
212 1240 281 1271 dixi
310 1242 332 1271 l.
351 1250 374 1271 1.
399 1242 431 1271 in
454 1241 585 1272 Stilicli.
601 1244 652 1272 43.
702 1243 742 1273 D.

44 1292 154 1322 Heius.

88 1344 279 1383 Purruuzque
292 1342 457 1382 triumphis
469 1342 586 1381 induit]
605 1343 649 1373 L't
666 1352 744 1382 pue-

43 1403 127 1431 rum,
154 1393 277 1423 viribus
306 1394 452 1423 nonduin
479 1394 543 1422 suis
569 1399 741 1431 uteutoin3

43 1443 262 1475 similitudine
281 1453 298 1473 a
317 1443 503 1473 vestiendo.
527 1443 643 1472 Barth.

86 1495 128 1524 68
152 1493 344 1532 Pra’tudere]
389 1492 621 1522 Exercitando
653 1493 745 1522 uelut

43 1543 152 1573 animo
161 1542 203 1572 ad
214 1542 414 1582 capiendam
428 1541 641 1581 dignitatem.
660 1543 746 1572 Cou-

45 1592 146 1624 sulari
164 1592 322 1633 dignitati
341 1591 491 1622 fataliter
509 1593 670 1623 destinari
691 1593 745 1623 lio-

45 1644 152 1674 mines
173 1642 245 1683 jam
271 1642 313 1673 ab
338 1643 410 1682 ipsa
427 1642 608 1673 nativitate
626 1644 747 1682 saepius

45 1699 162 1725 noster
177 1693 275 1725 dixit.
321 1694 365 1724 Et
393 1693 441 1723 ita
468 1693 510 1723 ‹10
536 1703 639 1733 puero
657 1694 747 1724 Stili-

47 1745 168 1783 chone,
198 1744 299 1774 alibi:
337 1745 345 1761 ‘
364 1743 527 1784 fastisque
558 1744 650 1784 loqui
675 1744 748 1784 jam

47 1795 149 1835 digna
166 1794 313 1825 futuris)

91 1850 133 1878 70
156 1846 323 1876 Persarum
335 1846 488 1886 proceres]
514 1844 615 1875 Paria
628 1844 669 1875 de
685 1845 753 1883 Sti-—

48 1898 179 1928 liclione
211 1897 393 1937 primaevo:
427 1898 435 1913 ‘
453 1903 612 1936 stupuere
641 1896 752 1927 severi

51 1949 253 1980 Parthorum
272 1948 448 1984 Proceres,
467 1952 501 1977 et
519 1947 615 1986 plebs
633 1947 752 1987 phare.-

53 2004 143 2028 trata
157 1997 291 2029 videndi
310 1997 485 2038 Flagravit
500 1996 634 2028 studio?
669 1997 753 2028 Bur-

53 2049 145 2079 thius.

95 2101 133 2130 71
162 2098 327 2137 Positoque
343 2098 457 2127 liuram
471 2096 645 2128 Submisere
656 2096 753 2136 genu]

53 2149 108 2180 Sic
125 2148 244 2186 Aldus,
262 2154 295 2179 et
312 2158 426 2178 omnes
444 2147 516 2178 fere
534 2147 674 2186 scripti;
699 2157 756 2186 op·

54 2200 145 2230 time.
191 2199 341 2235 Curtius,
359 2199 380 2228 Ι.
399 2207 478 2228 vin.
501 2200 510 2213 ⁴
524 2197 577 2227 Tu
596 2196 756 2227 Macedo-

55 2259 111 2280 nas
130 2249 266 2279 voluisti
284 2258 396 2289 genua
420 2248 482 2278 tibi
500 2257 640 2287 ponere,
656 2255 757 2277 vene-

56 2299 191 2340 rarique
208 2304 242 2329 te
259 2303 295 2329 ut
318 2297 439 2329 deum.’
486 2297 590 2330 Ovid.
609 2298 699 2327 Fast.
716 2306 756 2327 ιι.

55 2350 64 2364 ‘
77 2348 285 2389 Suppliciter
299 2348 410 2388 posito
422 2347 636 2388 procubuere
649 2346 758 2387 genu!

60 2398 133 2429 Lib.
164 2407 221 2429 ιιι.
251 2400 260 2415 ‘
278 2398 318 2429 ln
346 2404 472 2430 terram
499 2399 611 2439 posito
638 2407 759 2439 procu-

60 2448 163 2478 buere
179 2449 287 2488 genu.’
332 2449 404 2480 Lib.
420 2459 452 2480 v.
475 2452 483 2466 ‘
503 2449 580 2490 Ipse
597 2459 684 2489 genu
701 2459 758 2489 po-

61 2498 127 2529 sito
156 2497 302 2530 flammas
334 2500 523 2531 exsuscitat
559 2499 673 2537 aura;'
711 2498 759 2530 sic

61 2547 196 2588 quidam
213 2549 358 2588 codices,
375 2559 439 2580 non
453 2560 535 2589 genu
550 2549 759 2589 nixus‚flum-

62 2607 128 2628 mus
144 2598 276 2628 excussit
291 2598 328 2628 ab
344 2609 432 2639 aura,
448 2599 536 2640 quod
555 2600 587 2629 in
604 2599 759 2639 vulgatis.

65 2647 140 2678 Lib.
157 2655 206 2677 Vt.
228 2648 237 2663 ‘
254 2647 408 2678 dubitare
432 2648 583 2687 videbat,
602 2650 647 2680 Et
671 2649 762 2689 pavi-

65 2697 123 2728 das
139 2696 252 2738 posito
278 2696 499 2738 procubuisse
527 2700 637 2737 genu.’
675 2698 762 2729 Met.

1367 131 1477 174 1581

783 244 838 265 ιιι.
863 235 933 265 ‘Et
961 233 1103 274 genibus
1126 233 1244 274 positis
1271 235 1416 274 supplex
1441 237 1483 267 si-

783 286 937 326 milisque
965 286 1095 326 roganti
1127 284 1335 317 Circumfert
1361 287 1482 318 tacitos

784 342 943 376 tanquam
975 346 1035 366 sua
1062 336 1198 367 bracliia
1225 336 1371 367 vultusz’
1405 347 1484 377 quo-

784 387 884 418 modo
900 391 1056 418 venustus
1074 387 1181 426 liber3
1207 388 1332 427 vulgati
1353 387 1485 426 genibus

781 438 898 477 pronis.
944 438 1123 468 Petronius
1139 450 1145 468 :
1170 440 1178 454 ‘
1194 438 1383 478 Positoque
1399 438 1431 468 in
1450 438 1486 468 li-

785 489 873 518 mine
891 498 978 526 geuu
995 489 1043 518 sic
1059 489 1264 528 deprecatus
1281 499 1353 519 sum
1382 489 1487 519 numi·

785 548 826 568 na
857 548 953 568 versu
968 538 988 568 :'
1024 545 1126 579 atque
1159 539 1207 569 ita
1247 539 1370 578 passim
1409 539 1487 569 boni

785 589 996 628 scriptorem
1019 589 1292 628 vulgopositaque
1303 588 1397 620 tiara.
1422 589 1487 619 Ra-

787 638 997 678 plielengi11S‚
1019 638 1174 677 positoque
1190 638 1296 674 tiuru,·
1319 638 1487 678 quomodo

788 694 824 718 ct
839 689 958 728 scripti
975 689 1135 719 nonnulli.
1163 689 1243 718 Mox
1259 689 1412 728 proeclaru
1425 698 1488 728 pro

786 738 942 778 przelurgu
960 738 1056 777 priin.
1073 738 1184 769 X'atic.
1206 742 1240 768 et
1257 737 1322 767 duo
1341 738 1409 769 alii.
1443 738 1489 769 D.

791 788 902 819 Heius.

832 842 871 868 73
897 839 1052 868 Dituudus
1066 839 1193 868 uddouu
1209 838 1323 878 tribus]
1347 838 1492 878 Congia-

790 888 874 917 rium
892 888 1014 925 innuit,
1036 888 1123 927 quod
1153 893 1229 927 post
1253 888 1431 918 victoriam
1449 887 1492 919 de

790 938 940 968 Maximo
965 942 999 968 et
1024 938 1165 968 Victore
1184 939 1314 977 Populo
1341 940 1492 969 Romano

792 997 940 1026 pravseus
956 986 1063 1025 dedit,
1086 987 1128 1017 ob
1144 988 1296 1027 auspicia
1313 993 1394 1028 puto
1419 988 1494 1027 filii,

789 1037 1006 1067 Theodosius.
1031 1037 1148 1067 Barth.

835 1090 874 1117 74
902 1088 1029 1117 Collecti
1046 1087 1191 1127 Senatus]
1226 1087 1361 1118 Collecto
1377 1088 1496 1119 Senatu

792 1137 919 1168 rectius
945 1137 1010 1168 duo
1037 1136 1217 1176 Anglicani
1235 1143 1270 1168 et
1288 1137 1497 1169 Oiselianus.

794 1188 837 1219 D.
858 1187 969 1218 Heius.

838 1237 974 1268 Delubra
988 1238 1082 1269 Senot
1090 1237 1137 1277 us]
1160 1238 1306 1269 Senatus
1320 1248 1385 1269 non
1402 1242 1499 1279 pote-

796 1292 849 1316 rat
865 1288 1047 1317 convocari
1070 1288 1130 1317 nisi
1148 1288 1179 1317 in
1197 1289 1304 1318 locum
1321 1298 1498 1319 cousecra-

797 1341 880 1365 tum.
915 1336 1026 1366 Barth.

840 1389 879 1416 75
901 1386 1046 1416 Gaudetis
1062 1386 1304 1426 ‹ffc1·resuv07·z']
1323 1387 1501 1419 Commen-

798 1436 877 1466 dare
891 1437 1035 1476 Populo,
1048 1437 1138 1476 quod
1152 1437 1307 1468 solebant
1318 1438 1500 1480 Principes

799 1492 963 1526 praestare
980 1487 1094 1516 liberis
1111 1488 1189 1517 suis.
1216 1488 1311 1520 Idem.

841 1539 880 1566 76
906 1537 1041 1577 Imperio
1056 1538 1256 1577 assuesceret]
1290 1541 1338 1570 Ut
1360 1540 1407 1571 rei
1426 1549 1501 1581 gra-

799 1588 943 1618 vissimse
961 1594 996 1618 et
1012 1587 1233 1619 difficillimae.
1261 1590 1359 1621 Idem.

841 1641 881 1668 77
920 1639 1068 1668 Concreto
1094 1638 1213 1677 radice]
1250 1639 1377 1670 Tecum
1408 1640 1504 1671 velut

799 1695 1010 1720 crescentem
1026 1690 1175 1719 radicem
1192 1698 1305 1729 agens.
1331 1690 1427 1721 Idem.

843 1743 884 1770 '78
910 1740 1056 1780 Iuoterit]
1090 1740 1236 1779 Elegans
1260 1749 1340 1770 sane
1363 1745 1397 1770 et
1415 1740 1505 1771 locu-

800 1791 848 1821 tio
865 1797 897 1820 et
919 1789 1070 1828 verbum,
1095 1790 1182 1831 quod
1201 1791 1324 1830 lingum
1348 1790 1423 1821 aliae
1448 1791 1504 1822 vix

803 1846 855 1870 est
884 1845 918 1869 ut
948 1840 1154 1878 exprimant,
1183 1840 1224 1870 ab
1252 1840 1415 1879 stirpibus
1447 1844 1511 1885 a*

802 1889 965 1927 frugibus
998 1889 1171 1928 Virgilius,
1188 1891 1314 1929 Georg.
1334 1900 1373 1921 ιι.
1399 1891 1407 1906 ‘
1426 1891 1506 1921 alie-

804 1949 846 1970 na
861 1950 899 1968 rx
918 1940 1038 1969 arbor‘=
1057 1949 1195 1979 germen
1214 1940 1410 1980 lucifluum,
1425 1940 1506 1971 udo-

803 2000 868 2032 que
885 1992 1009 2020 (locent
1028 1990 1214 2020 inolescere
1233 1990 1342 2021 libro)

851 2039 964 2079 Romu]
980 2039 1163 2070 Mirificum
1176 2040 1325 2070 studium
1337 2041 1367 2070 iu
1379 2040 1506 2071 Urbem

806 2092 902 2122 vatis.
927 2091 1042 2121 Barth.

849 2146 891 2172 79
918 2142 1042 2172 Teneris
1057 2146 1219 2182 conceptus
1239 2142 1276 2172 ub
1291 2142 1396 2182 anuis]
1431 2143 1508 2174 Ele-

808 2194 1002 2233 gantissime
1020 2194 1115 2233 prim.
1132 2194 1241 2224 Vutic.
1255 2200 1288 2223 et
1307 2195 1510 2234 OiselianuS,

807 2248 911 2274 tenero
940 2245 978 2275 ab
1008 2254 1122 2283 ungue.
1159 2244 1190 2283 ἐξ
1223 2243 1351 2274 ἁπαλῶν
1379 2243 1511 2284 ὀνύχων,

809 2295 968 2325 Graecum
985 2294 1155 2334 adagium.
1187 2295 1308 2326 Horat.
1331 2296 1339 2310 ‘
1357 2299 1392 2325 et
1406 2295 1512 2325 inces·

811 2350 862 2376 tos
879 2354 1010 2375 amores
1035 2345 1086 2376 De
1108 2350 1228 2375 tenero
1251 2344 1437 2376 meditatur
1452 2353 1511 2374 un·

810 2395 888 2436 gui!
934 2395 1072 2432 Cicero,
1101 2396 1119 2425 l.
1140 2404 1164 2426 1.
1191 2394 1232 2425 ad
1260 2395 1376 2426 Famil.
1399 2395 1463 2434 Ep.
1480 2397 1512 2424 6.

809 2448 818 2463 ‘
835 2447 901 2478 Sed
918 2452 1044 2487 praesta
1062 2451 1095 2477 te
1112 2455 1201 2485 eum,
1216 2445 1273 2485 qui
1291 2445 1369 2475 mihi
1387 2444 1511 2475 teneris

810 2497 864 2538 (ut
879 2496 992 2528 Graeci
1011 2495 1148 2533 dicunt)
1173 2494 1361 2534 unguiculis
1382 2504 1417 2524 es
1433 2501 1511 2531 cog-

811 2546 926 2578 nitus.'
961 2547 1031 2577 Pro
1054 2546 1141 2577 urbis
1164 2546 1291 2586 primus
1306 2545 1400 2575 Med.
1421 2542 1513 2573 urbi.-

810 2598 937 2638 placet.
962 2597 1007 2628 D.
1022 2596 1134 2627 Heius.

855 2649 896 2677 80
921 2647 1031 2677 Tecum
1055 2646 1151 2676 crevit
1181 2643 1282 2684 umor]
1321 2642 1398 2672 Non
1428 2638 1512 2669 adeo

814 2701 940 2736 tamen,
957 2697 1037 2737 quin
1050 2696 1224 2727 Ravennae
1238 2691 1416 2724 considere
1427 2698 1513 2730 prae·
