1763 3116
368 150 430 179 DE
464 145 628 178 RAPTU
663 143 986 174 PROSERPINAE
1022 143 1115 171 LlB.
1150 143 1202 171 11.

62 246 214 277 laetornm
227 243 423 275 nunciorum
441 239 612 271 indicium.
645 237 760 267 Barth.

105 297 164 325 331
195 294 357 324 Rarescere
379 288 510 327 noctem]
544 289 611 318 l’er
637 286 761 317 facium

63 345 262 385 nuptialium
279 348 313 373 et
335 339 516 380 genialium
533 336 761 368 conviviorum

61 394 284 435 splendorem.
323 391 414 420 Idem.

105 446 166 474 332
194 440 294 478 Urna]
320 440 416 470 More
434 436 692 468 Atheniensium
707 436 762 476 ju-

63 493 175 523 dicare
201 489 385 520 inferorum
408 487 549 519 Judices
577 486 763 526 finguntur,

62 539 208 572 sortibus
231 539 268 580 in
294 547 410 568 urnam
438 536 602 576 acceptis.
653 536 764 575 Virgi-

59 591 144 621 lius:
179 588 377 621 ‘Quaesitor
410 587 523 618 Minos
553 595 667 617 urnam
697 596 764 617 mo-

60 639 142 670 vet?
176 639 275 670 Idem.

109 689 196 719 Urna
214 687 352 727 Minora]
374 686 560 726 Injudiciis
577 695 656 716 usus
670 695 763 716 urnae

63 738 235 780 frequens,
267 739 300 769 in
325 747 425 778 quam
452 737 586 767 nomina
613 735 765 767 citando-

63 799 133 820 rum
152 788 434 829 conjiciebantur.
462 788 589 818 Noster
605 786 664 817 lib.
679 793 717 816 11.
732 785 765 815 in

65 839 174 870 Rufin.
191 838 278 869 fine:
305 840 313 855 ‘
331 838 488 877 nigrique
505 836 643 866 trahunt
660 835 701 865 ad
713 835 766 874 ju-

64 889 149 920 dicis
177 887 317 919 urnam!
353 887 473 917 Horat.
503 886 558 916 lib.
581 894 636 915 ιιι.
662 885 715 915 od.
744 893 766 914 1.

61 939 150 969 Stat.
169 938 228 968 lib.
246 946 284 967 11.
300 937 392 976 Sylv.
418 935 495 966 fine.
512 936 634 965 Scnec.
659 934 765 964 Herc.

62 989 143 1019 Fur.
163 991 230 1018 act.
245 994 464 1017 111.sccn.11.
480 986 489 1001 ‘
507 984 645 1016 Judicia
663 983 765 1023 trepi.

63 1038 114 1068 dis
131 1036 203 1068 fera
220 1036 360 1067 sortitur
383 1034 470 1065 reis.’
504 1034 600 1064 Serv.
628 1033 670 1063 ad
693 1033 765 1063 [ΕΗ.

63 1098 114 1120 vr.
136 1087 257 1118 Sortiri
277 1086 443 1127 judicem.
469 1085 560 1115 Prm.
577 1084 610 1114 in
634 1082 766 1113 Praefa-

63 1139 155 1170 tione
180 1137 291 1178 operis
314 1137 376 1175 sui,
401 1137 421 1167 l.
438 1135 555 1166 Jadaei.
586 1135 623 1164 C.
650 1135 687 1164 de
710 1134 768 1164 Ja-

63 1189 151 1219 doeis.
167 1188 188 1218 l.
205 1186 466 1226 denunciasse.ff.
483 1187 519 1216 de
535 1186 633 1216 adult.
656 1185 675 1215 l.
696 1194 768 1224 qao-

64 1239 134 1270 ties.
150 1239 177 1279 ξ.
196 1239 251 1268 ult.
272 1238 308 1268 C.
324 1239 360 1267 de
382 1236 489 1277 privil.
508 1235 609 1266 Schol.
629 1235 681 1266 lib.
699 1243 768 1265 ΧΠ.

66 1289 124 1330 qui
148 1289 232 1319 ritus
250 1287 290 1318 ab
309 1285 572 1317 Atheniensibus
596 1284 705 1323 fluxit,
727 1283 770 1314 ob

66 1339 168 1380 idque
186 1338 410 1378 reprehensus
437 1336 538 1366 Solon
563 1334 653 1374 apud
680 1333 770 1364 Aris-

68 1396 129 1422 tot.
147 1391 203 1421 lib.
221 1399 259 1420 11.
276 1389 382 1420 Polit.
400 1397 428 1418 c.
448 1391 496 1418 10.
531 1387 706 1426 Dempster.

111 1443 173 1471 334
220 1438 337 1479 Impia]
390 1435 562 1475 Crudelia,
603 1434 771 1465 immania.

70 1490 184 1521 Barth.

111 1543 172 1571 337
197 1538 334 1570 Solvitur
362 1536 470 1576 Ixion]
506 1536 632 1566 Versus
655 1534 708 1564 hic
731 1543 772 1564 ex

68 1590 199 1621 duobus
241 1587 471 1628 superioribus
510 1583 693 1622 conflatus,
734 1592 773 1613 ac

70 1638 212 1681 proinde
239 1638 292 1669 vel
316 1636 428 1667 invitis
456 1634 551 1665 libris
577 1641 774 1673 expungen-

69 1689 130 1720 dus
158 1694 232 1721 est:
267 1687 356 1728 quod
386 1686 537 1717 eruditos
567 1685 774 1722 interpretes

68 1740 195 1781 fugisse
220 1739 334 1769 miror.
390 1735 547 1767 Tantaleis
574 1743 633 1774 pro
662 1733 776 1763 Tanta-

70 1792 139 1822 licis
164 1790 265 1831 paulo
289 1793 367 1819 ante
394 1785 597 1826 legendum:
625 1784 672 1814 sic
690 1782 776 1813 Poe'-

71 1847 129 1874 tae.
180 1840 343 1880 Virgilius
372 1838 405 1868 in
437 1836 577 1866 Culice:
616 1835 625 1851 ‘
644 1833 713 1864 Hic
742 1838 777 1864 et

70 1891 230 1923 Tantalei
257 1889 391 1930 generis
418 1887 522 1917 decus
561 1885 649 1915 altus
684 1883 777 1914 Atri-

73 1941 155 1973 des!
180 1942 268 1972 Stat.
285 1941 293 1956 ‘
310 1938 482 1969 Tantaleis
507 1935 684 1967 considere
709 1938 779 1965 tec-

74 1991 127 2023 tis’
152 1991 257 2022 Theb.
278 1999 300 2021 1.
329 1989 383 2019 ubi
411 1988 574 2018 consistere
599 1995 776 2026 perperam

75 2051 162 2073 uune
187 2041 323 2080 legitur.
358 2038 453 2068 Idem
481 2037 539 2068 lib.
558 2045 609 2067 xi.
634 2038 642 2053 ‘
658 2035 778 2066 funera

75 2100 197 2122 mensae
213 2088 409 2120 Tantaleae)
444 2088 603 2127 l'ropert.
621 2095 660 2116 11.
686 2086 737 2116 El.
753 2094 778 2115 1.

76 2140 262 2172 ‘Tantalea
291 2138 415 2179 poterit
444 2136 563 2167 radere
591 2144 689 2175 poma
712 2144 779 2164 ma-

76 2201 119 2222 nu
135 2190 154 2221 :’

77 2242 210 2272 tradere.
255 2239 309 2268 Sic
335 2242 370 2268 et
396 2236 545 2267 ‘radere
563 2235 679 2272 littus‚'
707 2236 715 2251 ‘
732 2244 781 2264 ra-

78 2291 160 2323 dere
174 2288 322 2327 metam‚’
341 2293 375 2318 et
393 2287 525 2317 similia.
564 2287 607 2316 D.
627 2285 738 2315 Heius.

121 2344 184 2372 338
211 2342 252 2370 Et
281 2337 406 2379 Tityus]
431 2338 539 2377 Tityos
562 2335 652 2373 duo3
686 2335 782 2365 beno.

80 2393 176 2424 Idem.

125 2442 187 2471 340
217 2440 330 2470 Tantas
355 2439 436 2478 erat]
472 2439 600 2468 Tantus
630 2436 661 2466 in
691 2445 784 2466 arma

84 2494 189 2531 patet.
224 2489 340 2519 Barth.

127 2543 188 2570 3⁷12
213 2539 419 2578 Abreptasqae
437 2537 553 2578 fibras]
586 2537 704 2566 Malim
733 2535 786 2565 ab·

83 2593 265 2630 raptasque:
301 2593 337 2618 ut
364 2588 453 2627 apud
482 2587 629 2616 Statium
656 2586 688 2615 in
713 2586 786 2625 Syl-

86 2640 156 2670 vis:
190 2637 364 2677 ‘abruptis
396 2636 509 2667 debile
536 2636 630 2666 venis
658 2635 788 2666 Vulnus

86 2690 180 2721 hiat.’
212 2689 261 2719 D.
280 2686 393 2719 Heius.

194 2191 243 2220 ita
279 2188 414 2219 omuino
453 2185 683 2223 scribendum,
715 2193 779 2214 nou

1399 133 1502 174 1661

855 238 916 266 343
956 234 1190 274 Formidatique
1217 233 1354 272 furoris]
1395 235 1513 265 Parmi-

810 286 963 325 damlz‘que
990 289 1142 323 excerpt.
1170 283 1250 313 Put.
1280 291 1355 312 cum
1383 283 1513 314 duobus

813 334 1000 372 Vaticanis,
1023 338 1057 363 et
1084 332 1358 362 Barllioliniano:
1386 336 1420 361 et
1437 343 1511 363 mox

811 384 884 413 ἴφια
914 387 1057 414 canentes
1087 392 1153 413 non
1184 383 1248 412 lene
1280 391 1363 412 unus
1394 381 1515 412 l'etav.

813 434 910 464 Idem.

855 486 917 515 344
944 484 1076 514 Cratera
1100 481 1228 522 parant]
1253 483 1375 513 Crater
1401 481 1515 520 ingens

813 544 870 565 vas
886 539 960 564 erat
978 534 1155 571 vinarium,
1173 532 1261 573 quod
1280 532 1312 562 in
1325 531 1435 562 medio
1451 535 1516 560 sta-

815 585 988 622 tuebatur,
1009 584 1098 614 uude
1123 584 1298 613 haurirent
1330 580 1517 612 minutiori-

814 635 878 666 bus
912 635 1041 675 poculis
1068 633 1366 673 circumageudum
1393 632 1517 662 viuum.

816 685 931 715 Barth.

859 738 920 766 347
947 735 1057 766 Festas
1090 735 1151 765 alio
1184 733 1368 765 succendant
1405 731 1519 761 lamine

815 784 928 824 toedas]
958 785 1084 824 Magna
1112 785 1144 814 in
1173 785 1234 814 hoc
1264 783 1366 814 etiam
1396 789 1519 821 genere

817 841 891 865 erat
918 835 1112 876 superstitio
1130 838 1296 871 veterum,
1321 841 1361 862 ne
1383 831 1425 861 de
1442 830 1520 869 igne

817 884 951 915 funesto
979 884 1250 916 accenderentur
1273 882 1365 913 faces
1389 880 1522 921 nuptia-

817 934 877 971 les,
894 934 979 975 quod
1008 944 1106 964 omen
1128 933 1358 964 tristissimum
1375 930 1521 962 habeba-

819 987 886 1013 tur.
920 984 1018 1013 Idem.

860 1035 922 1062 348
936 1032 1103 1072 Pestiferi]
1119 1031 1217 1062 Unde
1231 1030 1339 1060 morbi
1358 1034 1392 1060 et
1409 1029 1522 1060 clades

820 1082 860 1112 ad
875 1092 1015 1122 superos
1034 1082 1141 1120 ibant,
1156 1081 1252 1120 cujus
1266 1079 1373 1110 halitu
1388 1077 1523 1109 decide-

819 1132 902 1163 bant
920 1141 1010 1162 aveS.
1038 1132 1135 1162 Idem.

863 1182 1014 1212 Pacatum
1033 1181 1153 1221 flumen
1179 1179 1312 1218 Averni]
1337 1178 1392 1209 Sic
1416 1177 1524 1208 Aldus

820 1236 856 1262 et
882 1232 1013 1271 scripti,
1041 1241 1106 1261 non
1131 1230 1235 1260 limen.
1282 1228 1385 1269 Apud
1415 1227 1526 1266 Virgi-

822 1282 902 1312 lium
918 1281 1035 1311 eadem
1052 1280 1154 1310 habes
1172 1284 1207 1311 et
1221 1279 1441 1309 Aristotelem
1459 1277 1527 1316 περὶ

823 1331 994 1369 θαυμασίων
1020 1329 1240 1368 ἄκουσμάτων;
1271 1329 1327 1369 qui
1353 1333 1464 1359 tamen
1485 1329 1527 1358 de

823 1382 939 1412 avibus
951 1381 1068 1411 fulsum
1083 1381 1145 1410 hoc
1159 1378 1329 1418 adfirmat,
1342 1388 1417 1409 cum
1431 1378 1527 1409 multi

822 1432 890 1462 illie
907 1431 1010 1471 cygni
1028 1430 1252 1461 inveniantur.
1286 1429 1330 1459 D.
1349 1428 1462 1459 Heins.

867 1485 929 1512 340
955 1480 1115 1519 Innocuoe]
1152 1480 1286 1517 Illaesae,
1328 1488 1393 1509 non
1428 1479 1528 1509 obvio

825 1541 898 1562 usu.
924 1531 1130 1570 Egesippus,
1147 1530 1168 1560 l.
1186 1539 1241 1559 111.
1259 1532 1312 1559 32.
1334 1530 1342 1545 ‘
1361 1529 1444 1559 Cum
1469 1528 1531 1559 soli

826 1582 963 1613 innocui
979 1581 1106 1612 fuerint
1123 1581 1180 1621 qui
1207 1580 1326 1620 praelia
1349 1578 1530 1619 gererent!

827 1633 945 1664 Barth.

873 1682 1029 1722 Innocuoe]
1061 1683 1268 1722 Eleganter:
1293 1679 1339 1710 sic
1356 1678 1434 1709 bell.
1451 1678 1532 1709 Get.

827 1734 836 1751 ‘
855 1734 960 1765 Navis
976 1731 1140 1770 innocua,'
1158 1731 1191 1761 id
1208 1734 1271 1768 est,
1291 1730 1408 1760 illaesa.
1445 1728 1532 1760 Clav.

872 1787 934 1815 350
970 1781 1171 1821 Amsanctus]
1219 1781 1329 1811 Lacus
1362 1778 1533 1817 Lucaniae,

832 1835 929 1875 cujus
946 1834 1069 1864 halitus
1086 1842 1165 1863 aves
1183 1834 1292 1862 necat.
1333 1830 1448 1860 Barth.

873 1888 933 1915 351
963 1885 1087 1913 Mutato
1113 1881 1258 1921 gurgite]
1289 1881 1356 1912 Qui
1387 1879 1534 1919 alioquin

829 1934 987 1975 lacrymis
1004 1932 1144 1963 fluebat.
1180 1932 1277 1961 Idem.

874 1987 935 2015 352
960 1983 1070 2022 Lacte]
1097 1983 1147 2012 Ex
1173 1980 1276 2011 sacris
1299 1979 1418 2010 literis.
1453 1978 1535 2008 Ovi-

831 2035 905 2066 dius
922 2035 963 2064 de
980 2043 1082 2064 aureo
1100 2031 1254 2062 Saeculo:
1279 2030 1287 2046 ‘
1306 2028 1536 2068 Fluminajam

832 2086 946 2123 lactis,
965 2085 1037 2125 jam
1071 2081 1211 2113 flumina
1237 2079 1385 2110 nectaris
1417 2077 1536 2109 ibant.’

832 2137 930 2167 Idem.

877 2189 938 2216 353
977 2185 1114 2215 Undasse
1147 2180 1256 2221 Lycto]
1302 2179 1357 2210 Sic
1395 2177 1539 2217 scripti3

835 2237 934 2275 vulgo
960 2239 1140 2273 stagnasse:
1178 2237 1293 2262 noster
1318 2229 1418 2269 infra,
1445 2230 1453 2245 ‘
1473 2229 1542 2259 Un-

835 2287 932 2317 daret
963 2295 1027 2315 nen
1054 2283 1138 2313 silva
1166 2280 1274 2311 favis)
1332 2280 1458 2310 Parum
1492 2288 1540 2308 re-

835 2335 914 2366 fert.
961 2335 1042 2365 Mox
1071 2332 1204 2362 stamina
1233 2340 1290 2361 non
1317 2329 1446 2369 rumpit,
1479 2338 1541 2369 pro

834 2386 921 2426 rapit
939 2385 1105 2415 meliores.
1132 2383 1176 2411 D.
1196 2381 1305 2411 Heius.

880 2438 940 2465 357
968 2434 1107 2464 Moritur
1122 2431 1241 2473 fluctu]
1266 2431 1454 2461 Pessimum
1486 2437 1541 2468 ge·
1580 2453 1584 2454 γ

838 2496 897 2515 nus
922 2485 1039 2515 mortis
1069 2485 1098 2513 in
1125 2483 1221 2512 undis
1245 2481 1355 2521 perire
1380 2479 1542 2511 censebat

839 2535 1044 2575 antiquitas3
1070 2534 1214 2563 animam
1242 2537 1318 2562 rata
1341 2530 1438 2560 simul
1466 2537 1541 2558 cum

839 2595 983 2624 corpore
1000 2584 1140 2614 interire
1158 2592 1198 2612 eo
1214 2580 1324 2611 nme.
1365 2579 1477 2610 Barth.

885 2638 947 2665 358
989 2631 1129 2675 Oppida]
1181 2630 1367 2661 Civitatum
1410 2626 1540 2657 iucolae.

843 2684 940 2715 Idem.
