1859 3148
338 147 450 191 1684

527 159 668 191 NOTAE
700 157 965 190 VARIORUM
997 158 1049 188 IN
1083 159 1157 188 CL.
1189 158 1373 190 CLAUD·
1405 157 1598 188 XXXIX.

938 367 1195 411 XXXIX.

835 558 1299 609 EPISTOLAE.

451 725 494 768 1.
540 723 785 779 Deprecatio
805 723 861 764 ad
882 722 1164 774 Hadrianum,
1188 721 1437 779 Prasectum
1460 721 1679 764 Praetorio.

384 859 436 890 Ad
455 857 668 897 Hadrianum]
703 857 891 898 Deprecatio
905 859 944 888 ad
971 858 1041 889 Ha-

338 909 481 939 drianum
508 910 651 940 Lucens.
693 908 841 948 autiquae
873 908 1040 938 editiones

339 959 391 989 Ad
419 958 619 989 Hadrianum
649 957 751 994 Prcef.
794 959 894 988 [ἡγεῖ.
934 962 1039 988 recte.

341 1008 429 1039 Nam
447 1009 479 1038 in
504 1008 630 1039 Codice
647 1007 880 1038 Theodosiano
898 1008 1040 1038 Hadria-

339 1058 373 1089 ni
399 1057 551 1096 Pra’fecli
579 1059 734 1088 Proetorio
761 1058 889 1088 mentio
905 1058 955 1089 fit.
1000 1058 1040 1088 In

341 1108 451 1149 primo
467 1109 636 1140 Vaticano
653 1113 687 1139 et
717 1108 891 1139 Oiseliano
915 1107 978 1139 sub
1004 1107 1041 1137 fi-

340 1168 419 1190 nem
447 1159 546 1199 hujus
578 1159 741 1199 Epistola}
770 1159 959 1197 legebatur,
992 1159 1042 1189 Cl.

342 1209 507 1240 Claudiani
532 1209 708 1246 satisfactio
731 1218 787 1247 pro
811 1218 841 1238 se
856 1209 937 1247 apud
953 1208 1045 1238 Stili-

340 1259 484 1289 chonem:
507 1263 542 1288 et
559 1258 655 1288 initio
674 1257 838 1296 epistola,
855 1256 971 1294 Incipit
989 1265 1042 1286 ea:-

339 1308 457 1338 cusatio
482 1317 537 1346 pro
552 1315 606 1342 se,·
629 1306 798 1346 quomodo
822 1310 858 1336 et
870 1306 1042 1336 Viennen-

340 1356 394 1387 sis.
420 1357 465 1387 D.
478 1356 591 1387 Heius.

383 1406 424 1437 In
440 1405 612 1437 veteribus
624 1404 725 1436 editis
739 1404 856 1436 titulus
867 1408 939 1436 est:
968 1405 1044 1446 Epi-

337 1465 481 1495 gramma
499 1454 722 1492 satisfactionis
737 1455 827 1495 apud'
842 1456 1044 1486 Hadrianum

339 1505 496 1536 Pratorio
519 1505 719 1543 Pra’fectum.
752 1505 931 1535 Nonnemo
949 1505 1044 1536 Prae-

340 1556 528 1595 fationem3
553 1556 742 1596 Epistolam
770 1556 876 1595 major
893 1565 971 1595 pars
996 1555 1043 1585 in-

340 1607 490 1647 scripsit.
524 1607 617 1639 Quos
633 1606 755 1636 merito
771 1605 954 1646 sequimur,
968 1615 1043 1636 cum

340 1657 373 1689 'tn
389 1659 506 1686 nostro
534 1655 660 1686 Codice
686 1655 796 1685 nullus
814 1660 926 1685 exstet
955 1665 1043 1696 apex

340 1705 596 1746 inscriptioni53
621 1705 808 1745 compellat
833 1706 922 1735 enim
939 1705 1043 1736 homi·

339 1759 483 1795 nem‚ut
511 1755 668 1795 ignoscat
690 1754 864 1786 iracundia
877 1755 981 1795 ipsius
997 1755 1045 1786 af-

341 1804 448 1839 flicto.
471 1807 589 1837 Barth.

386 1858 403 1886 1
432 1857 535 1896 Usque
560 1857 675 1887 adeone
701 1857 778 1896 tuoe]
801 1856 979 1887 Delictum
1001 1855 1047 1888 fa-

342 1907 450 1945 tetur,
463 1911 504 1937 ut
519 1905 636 1937 eliciat
653 1906 883 1937 clementiam.

385 1956 524 1996 Impetus
539 1957 610 1996 iroe]
642 1955 735 1987 Nihil
752 1955 924 1988 crudelius
947 1966 1045 1998 quam

340 2005 519 2046 impetum,
540 2016 615 2046 quae
641 2015 771 2036 summa
801 2010 853 2036 est
871 2007 1045 2047 violentia,

341 2055 554 2096 producere;
579 2057 741 2087 rationem
769 2056 902 2087 scilieet
927 2058 1046 2089 audire

341 2105 525 2137 nolentem.
541 2106 680 2136 Tacitus
693 2106 714 2135 l.
733 2115 788 2138 ιιι.
803 2106 935 2138 Histor.
947 2108 955 2124 ‘
967 2108 1047 2138 Om-

342 2154 397 2186 nia
426 2154 609 2186 inconsulti
626 2155 774 2195 impetus
791 2163 914 2195 coepta,
942 2157 1047 2189 initiis

342 2203 468 2244 valida,
484 2204 595 2244 spatio
612 2205 852 2243 languescunt!
885 2207 1003 2238 Barth..

386 2258 407 2286 2
432 2256 544 2286 Nullus
558 2255 635 2295 erit]
661 2256 738 2286 Erat
760 2258 901 2288 Luccns.
945 2259 1046 2290 Pata-

343 2304 413 2337 vin.
438 2306 552 2336 Nullus
567 2309 611 2336 tot
630 2306 710 2346 finis
725 2307 889 2348 lacrymis;
920 2309 1045 2347 probe:

342 2354 406 2387 nisi
432 2356 521 2397 quod
548 2356 670 2396 opinor
695 2366 713 2386 a
744 2357 922 2388 Claudiani
948 2369 1048 2389 manu

343 2414 434 2445 esse,
462 2407 598 2437 Nullane
624 2410 670 2437 tot
690 2406 771 2448 finis
797 2407 965 2447 lacrymis?
1011 2414 1047 2439 ut

343 2455 475 2486 numeri
521 2457 671 2486 nonnihil
716 2456 903 2496 erigantur.
965 2458 1046 2487 Mox

343 2506 492 2538 cubitisne
508 2517 582 2538 cum
598 2507 750 2538 Bartllio.
797 2508 866 2538 Pro
890 2511 1048 2547 pennulas

343 2560 424 2587 octo
439 2557 559 2596 scripti
582 2558 754 2596 permittas.
780 2558 820 2587 D.
838 2557 957 2587 Heius,

387 2605 561 2647 Subitisne]
598 2607 716 2637 Subita
745 2613 856 2637 autem
885 2607 975 2645 odia,
1003 2617 1045 2637 ex

344 2655 530 2697 improviso
541 2666 688 2698 casuque
700 2656 898 2688 incidentia.
930 2657 1045 2688 Barth.

389 2708 410 2738 3
435 2706 529 2738 Mens
563 2707 678 2748 ignara
714 2707 857 2748 nocendi]
899 2707 1047 2740 Heroica

1095 859 1195 898 plane
1210 857 1242 888 in
1257 866 1385 888 summa
1399 856 1548 887 fortuna.
1582 855 1679 887 Idem.

1136 911 1154 938 4
1182 908 1250 942 Quo
1266 917 1371 937 sensus
1396 905 1498 936 abiere
1519 904 1582 944 pii]
1616 903 1796 944 Ingenium

1095 957 1200 988 dicat.
1246 956 1294 987 At
1309 957 1428 987 melior
1454 966 1528 985 meo
1552 955 1661 985 animo
1678 953 1798 994 scripti

1095 1008 1200 1038 nostri
1225 1007 1360 1038 Codicis
1379 1006 1482 1036 lectio
1497 1017 1504 1036 ;
1532 1006 1599 1041 Quo
1614 1014 1718 1035 sensus
1734 1004 1797 1034 abi-

1096 1068 1146 1089 ονε
1166 1057 1240 1090 tui?
1286 1058 1333 1088 Ut
1351 1063 1498 1087 mentem
1529 1055 1677 1086 nocendi
1704 1055 1797 1095 igna-

1096 1118 1180 1148 ram,
1208 1113 1243 1139 et
1268 1107 1349 1138 mite
1381 1106 1552 1145 ingenium
1580 1110 1702 1135 natura
1726 1104 1798 1134 viro

1096 1157 1212 1188 datum
1229 1158 1412 1195 intelligat.
1443 1156 1541 1185 Mem.
1742 1189 1755 1196 ..

1140 1211 1158 1237 5
1185 1207 1334 1246 Invidioe]
1372 1204 1582 1235 Calumniam
1599 1203 1703 1234 dicit:
1738 1212 1799 1243 per

1097 1266 1195 1297 qnam
1213 1257 1275 1287 sibi
1294 1256 1439 1286 amicum
1461 1253 1692 1284 abalienatum
1708 1253 1799 1285 clare

1097 1310 1246 1337 testatur
1262 1305 1361 1336 infra.

1140 1356 1300 1396 Strepitus
1314 1354 1460 1394 maligni]
1476 1355 1652 1385 Rumores.
1672 1353 1728 1384 lta
1743 1361 1801 1384 ex-

1098 1410 1195 1437 cusat
1211 1415 1283 1437 sese
1299 1407 1397 1436 homo
1422 1405 1629 1444 ingeniosus.
1673 1404 1800 1444 Utique

1100 1456 1187 1487 enim
1206 1457 1367 1486 malorum
1383 1457 1501 1486 horum
1520 1465 1640 1485 caussa
1656 1454 1720 1494 ipsi
1736 1453 1801 1484 suit

1099 1507 1316 1546 Epigramma
1332 1506 1537 1536 virulentum
1558 1506 1591 1535 in
1614 1505 1800 1537 Adrianum

1099 1556 1214 1594 istum,
1243 1566 1341 1596 quem
1377 1554 1645 1586 Alexandrinum
1685 1564 1800 1585 secum

1099 1605 1181 1636 facit
1194 1606 1256 1636 hac
1274 1606 1441 1645 Epistola.
1487 1604 1603 1634 Pharii
1616 1608 1730 1634 autem
1745 1613 1803 1635 no-

1099 1655 1188 1686 mine
1211 1655 1413 1695 sacrilegum
1442 1655 1679 1694 latronemque
1696 1654 1802 1685 inces-

1100 1706 1157 1744 sit,
1173 1705 1336 1745 inscripto
1354 1705 1491 1745 insuper
1503 1704 1603 1735 titulo
1616 1705 1734 1745 Epigr.
1747 1707 1799 1735 36.

1100 1756 1197 1796 cujus
1222 1756 1295 1786 haec
1321 1755 1426 1785 verba
1439 1758 1538 1785 sunt:
1570 1763 1619 1785 DE
1633 1755 1802 1785 THEODO-

1101 1813 1149 1836 ΒΟ
1176 1814 1220 1836 ET
1244 1805 1473 1836 HAmuANo:
1498 1806 1506 1822 ‘
1526 1804 1665 1835 Mallius
1693 1804 1801 1834 indul-

1101 1859 1161 1896 get
1192 1866 1308 1887 somno
1335 1860 1521 1896 noctesque
1560 1855 1714 1896 diesque,
1745 1854 1800 1885 In·

1100 1906 1222 1936 somnis
1239 1906 1393 1946 Pharius,
1408 1915 1516 1944 sacra,
1529 1904 1685 1946 profana,
1699 1904 1799 1945 rapit.

1101 1957 1267 1989 Omnibus
1296 1957 1372 1997 hoc,
1400 1957 1488 1988 Itala
1519 1961 1652 1997 gentes,
1682 1965 1801 1996 expos-

1100 2007 1169 2038 cite
1197 2007 1297 2046 votis,
1324 2007 1463 2038 Mallius
1502 2012 1540 2038 ut
1568 2006 1699 2045 vigilet,
1727 2005 1802 2036 dor-

1102 2057 1184 2087 miat
1199 2061 1237 2087 ut
1252 2056 1418 2088 Pharius.’
1464 2057 1558 2088 Nihil
1575 2056 1684 2087 verius
1702 2064 1802 2096 quam

1101 2107 1162 2137 hos
1185 2116 1335 2138 rumores
1371 2107 1448 2138 istic
1476 2107 1604 2138 dicere.
1651 2106 1739 2138 Quia
1767 2108 1802 2136 et

1102 2157 1164 2188 snb
1179 2156 1279 2188 finem
1297 2157 1454 2188 carminis
1478 2157 1624 2196 ipsemet
1649 2165 1802 2186 caussam

1103 2206 1363 2237 infortuniorum
1396 2206 1562 2236 adscribit
1585 2205 1693 2235 Musis
1720 2204 1803 2235 infe-

1102 2257 1235 2296 ficibus,
1249 2267 1323 2287 cum
1341 2257 1408 2287 ait:
1435 2257 1443 2272 ‘
1459 2256 1562 2296 Eripe
1580 2255 1720 2286 calcatis
1737 2265 1803 2286 non

1104 2315 1269 2346 prospera
1285 2306 1421 2344 cingula
1448 2306 1569 2344 Musis,
1593 2306 1734 2336 Scilicet
1757 2306 1804 2336 in-

1103 2356 1188 2396 signi
1206 2356 1247 2386 de
1265 2366 1415 2396 paupere
1428 2360 1505 2386 vate
1523 2355 1716 2395 triumpho?
1740 2356 1803 2386 Est

1105 2411 1218 2436 autem
1236 2407 1377 2446 pulchra
1391 2405 1578 2437 satisfactio
1597 2415 1657 2445 per
1674 2404 1803 2437 confes-

1103 2456 1244 2493 sionem,
1273 2466 1338 2496 qua
1366 2456 1507 2486 ulterior
1531 2460 1564 2486 et
1592 2455 1709 2486 melior
1737 2463 1800 2485 nec

1102 2507 1230 2545 sperari
1249 2510 1398 2545 pot‹·rat.
1423 2505 1539 2536 Barth.

1143 2560 1163 2586 6
1189 2557 1241 2586 Me
1271 2558 1354 2585 dolor
1387 2554 1544 2594 incautus]
1581 2555 1675 2585 Unus
1706 2553 1798 2585 Med.

1098 2607 1196 2637 decor.
1234 2607 1397 2636 Incautum
1418 2609 1583 2645 excerpta
1598 2604 1678 2635 Put.
1702 2603 1801 2636 Forte

1099 2657 1183 2687 calor
1200 2658 1366 2686 incautum.
1390 2655 1434 2686 Ι).
1454 2654 1575 2685 Heius.

1142 2707 1243 2738 Dolor
1258 2705 1414 2746 incautus]
1446 2705 1503 2736 Ob
1527 2709 1643 2746 raptas
1671 2712 1724 2735 res
1751 2711 1799 2734 sa·
