<?xml version="1.0" encoding="UTF-8"?>
<!DOCTYPE html PUBLIC "-//W3C//DTD XHTML 1.0 Transitional//EN"
    "http://www.w3.org/TR/xhtml1/DTD/xhtml1-transitional.dtd">
<html xmlns="http://www.w3.org/1999/xhtml" xml:lang="en" lang="en">
 <head>
  <title>
</title>
<meta http-equiv="Content-Type" content="text/html;charset=utf-8" />
  <meta name='ocr-system' content='tesseract 3.04.00' />
  <meta name='ocr-capabilities' content='ocr_page ocr_carea ocr_par ocr_line ocrx_word'/>
</head>
<body>
  <div class='ocr_page' id='page_1' title='image "./operaomniaexedit04clauuoft_0182.png"; bbox 0 0 1859 3148; ppageno 0'>
   <div class='ocr_carea' id='block_1_1' title="bbox 373 137 486 178">
    <p class='ocr_par' dir='ltr' id='par_1_1' title="bbox 373 137 486 178">
     <span class='ocr_line' id='line_1_1' title="bbox 373 137 486 178; baseline 0 -1"><span class='ocrx_word' id='word_1_1' title='bbox 373 137 486 178; x_wconf 78' lang='lat'>1650</span> 
     </span>
    </p>
   </div>
   <div class='ocr_carea' id='block_1_2' title="bbox 364 235 1074 2724">
    <p class='ocr_par' dir='ltr' id='par_1_2' title="bbox 372 235 1073 422">
     <span class='ocr_line' id='line_1_2' title="bbox 373 235 1071 279; baseline -0.007 -8"><span class='ocrx_word' id='word_1_2' title='bbox 373 249 450 272; x_wconf 86' lang='lat' dir='ltr'>cum</span> <span class='ocrx_word' id='word_1_3' title='bbox 479 238 722 279; x_wconf 70' lang='lat' dir='ltr'>Raphelengio.</span> <span class='ocrx_word' id='word_1_4' title='bbox 777 235 952 267; x_wconf 86' lang='lat' dir='ltr'>Claverius</span> <span class='ocrx_word' id='word_1_5' title='bbox 982 236 1071 266; x_wconf 89' lang='lat' dir='ltr'>aliud</span> 
     </span>
     <span class='ocr_line' id='line_1_3' title="bbox 372 286 1072 330; baseline -0.01 -8"><span class='ocrx_word' id='word_1_6' title='bbox 372 287 632 330; x_wconf 68' lang='lat' dir='ltr'>agebat‚q1u·rb</span> <span class='ocrx_word' id='word_1_7' title='bbox 644 287 796 326; x_wconf 78' lang='lat' dir='ltr'>ademptis</span> <span class='ocrx_word' id='word_1_8' title='bbox 812 289 938 316; x_wconf 82' lang='lat' dir='ltr'>tuetur.</span> <span class='ocrx_word' id='word_1_9' title='bbox 982 287 991 302; x_wconf 90' lang='lat'>‘</span> <span class='ocrx_word' id='word_1_10' title='bbox 1009 286 1072 316; x_wconf 89' lang='lat' dir='ltr'>Lu-</span> 
     </span>
     <span class='ocr_line' id='line_1_4' title="bbox 373 334 1073 379; baseline -0.01 -8"><span class='ocrx_word' id='word_1_11' title='bbox 373 346 462 371; x_wconf 74' lang='lat' dir='ltr'>natm</span> <span class='ocrx_word' id='word_1_12' title='bbox 489 339 602 379; x_wconf 79' lang='lat' dir='ltr'>peltae&#39;</span> <span class='ocrx_word' id='word_1_13' title='bbox 626 336 781 374; x_wconf 70' lang='lat' dir='ltr'>Virgilio,</span> <span class='ocrx_word' id='word_1_14' title='bbox 809 334 889 365; x_wconf 89' lang='lat' dir='ltr'>Silio</span> <span class='ocrx_word' id='word_1_15' title='bbox 914 337 921 351; x_wconf 93' lang='lat'>‘</span> <span class='ocrx_word' id='word_1_16' title='bbox 941 334 1073 365; x_wconf 82' lang='lat' dir='ltr'>Lunata</span> 
     </span>
     <span class='ocr_line' id='line_1_5' title="bbox 373 389 678 422; baseline -0.016 -1"><span class='ocrx_word' id='word_1_17' title='bbox 373 390 488 422; x_wconf 60' lang='lat' dir='ltr'>arma!</span> <span class='ocrx_word' id='word_1_18' title='bbox 511 391 552 420; x_wconf 91' lang='lat' dir='ltr'>D.</span> <span class='ocrx_word' id='word_1_19' title='bbox 568 389 678 419; x_wconf 69' lang='lat' dir='ltr'>Heius.</span> 
     </span>
    </p>

    <p class='ocr_par' dir='ltr' id='par_1_3' title="bbox 416 434 912 476">
     <span class='ocr_line' id='line_1_6' title="bbox 416 434 912 476; baseline -0.012 -6"><span class='ocrx_word' id='word_1_20' title='bbox 416 438 532 476; x_wconf 76' lang='lat' dir='ltr'>I’eleis]</span> <span class='ocrx_word' id='word_1_21' title='bbox 556 437 674 475; x_wconf 74' lang='lat' dir='ltr'>Clypei</span> <span class='ocrx_word' id='word_1_22' title='bbox 695 434 912 464; x_wconf 71' lang='lat' dir='ltr'>Amazonum.</span> 
     </span>
    </p>

    <p class='ocr_par' dir='ltr' id='par_1_4' title="bbox 370 483 1074 925">
     <span class='ocr_line' id='line_1_7' title="bbox 417 483 1072 524; baseline -0.011 -4"><span class='ocrx_word' id='word_1_23' title='bbox 417 486 572 524; x_wconf 76' lang='lat' dir='ltr'>Ademtis]</span> <span class='ocrx_word' id='word_1_24' title='bbox 595 487 680 514; x_wconf 83' lang='lat' dir='ltr'>Sunt</span> <span class='ocrx_word' id='word_1_25' title='bbox 708 483 782 513; x_wconf 85' lang='lat' dir='ltr'>libri</span> <span class='ocrx_word' id='word_1_26' title='bbox 801 484 857 523; x_wconf 84' lang='lat' dir='ltr'>qui</span> <span class='ocrx_word' id='word_1_27' title='bbox 878 484 1006 514; x_wconf 76' lang='lat' dir='ltr'><strong><em>aduncis</em></strong></span> <span class='ocrx_word' id='word_1_28' title='bbox 1023 493 1072 514; x_wconf 84' lang='lat' dir='ltr'>re-</span> 
     </span>
     <span class='ocr_line' id='line_1_8' title="bbox 373 534 1073 572; baseline -0.009 -2"><span class='ocrx_word' id='word_1_29' title='bbox 373 538 499 570; x_wconf 85' lang='lat' dir='ltr'>ferunt.</span> <span class='ocrx_word' id='word_1_30' title='bbox 523 538 608 565; x_wconf 87' lang='lat' dir='ltr'>Sane</span> <span class='ocrx_word' id='word_1_31' title='bbox 625 544 689 564; x_wconf 93' lang='lat' dir='ltr'>non</span> <span class='ocrx_word' id='word_1_32' title='bbox 709 538 833 572; x_wconf 63' lang='lat' dir='ltr'>prater</span> <span class='ocrx_word' id='word_1_33' title='bbox 850 543 930 564; x_wconf 74' lang='lat' dir='ltr'>rem.</span> <span class='ocrx_word' id='word_1_34' title='bbox 962 534 1073 564; x_wconf 87' lang='lat' dir='ltr'>Pallas</span> 
     </span>
     <span class='ocr_line' id='line_1_9' title="bbox 373 583 1074 624; baseline -0.006 -6"><span class='ocrx_word' id='word_1_35' title='bbox 373 588 458 618; x_wconf 83' lang='lat' dir='ltr'>enirn</span> <span class='ocrx_word' id='word_1_36' title='bbox 475 591 506 616; x_wconf 92' lang='lat' dir='ltr'>ct</span> <span class='ocrx_word' id='word_1_37' title='bbox 519 585 640 620; x_wconf 83' lang='lat' dir='ltr'>Diana,</span> <span class='ocrx_word' id='word_1_38' title='bbox 653 583 772 624; x_wconf 87' lang='lat' dir='ltr'>quibus</span> <span class='ocrx_word' id='word_1_39' title='bbox 787 584 962 622; x_wconf 80' lang='lat' dir='ltr'>componit</span> <span class='ocrx_word' id='word_1_40' title='bbox 977 583 1074 614; x_wconf 81' lang='lat' dir='ltr'>Ama-</span> 
     </span>
     <span class='ocr_line' id='line_1_10' title="bbox 372 632 1070 672; baseline -0.004 -6"><span class='ocrx_word' id='word_1_41' title='bbox 372 645 472 667; x_wconf 81' lang='lat' dir='ltr'>zonas</span> <span class='ocrx_word' id='word_1_42' title='bbox 503 634 719 672; x_wconf 81' lang='lat' dir='ltr'>Claudianus,</span> <span class='ocrx_word' id='word_1_43' title='bbox 751 642 825 663; x_wconf 83' lang='lat' dir='ltr'>curn</span> <span class='ocrx_word' id='word_1_44' title='bbox 857 632 986 663; x_wconf 88' lang='lat' dir='ltr'>fuerint</span> <span class='ocrx_word' id='word_1_45' title='bbox 1016 633 1070 664; x_wconf 82' lang='lat' dir='ltr'>hic</span> 
     </span>
     <span class='ocr_line' id='line_1_11' title="bbox 372 683 1072 725; baseline -0.006 -9"><span class='ocrx_word' id='word_1_46' title='bbox 372 686 440 716; x_wconf 74' lang='lat' dir='ltr'>suis</span> <span class='ocrx_word' id='word_1_47' title='bbox 471 694 614 725; x_wconf 61' lang='lat' dir='ltr'>qumque</span> <span class='ocrx_word' id='word_1_48' title='bbox 646 683 745 713; x_wconf 83' lang='lat' dir='ltr'>armis</span> <span class='ocrx_word' id='word_1_49' title='bbox 776 683 966 719; x_wconf 66' lang='lat' dir='ltr'>instructas,</span> <span class='ocrx_word' id='word_1_50' title='bbox 992 683 1072 723; x_wconf 82' lang='lat' dir='ltr'>quid</span> 
     </span>
     <span class='ocr_line' id='line_1_12' title="bbox 370 732 1074 767; baseline -0.007 -1"><span class='ocrx_word' id='word_1_51' title='bbox 370 745 510 767; x_wconf 82' lang='lat' dir='ltr'>necesse</span> <span class='ocrx_word' id='word_1_52' title='bbox 542 738 595 764; x_wconf 86' lang='lat' dir='ltr'>est</span> <span class='ocrx_word' id='word_1_53' title='bbox 626 733 699 764; x_wconf 87' lang='lat' dir='ltr'>illas</span> <span class='ocrx_word' id='word_1_54' title='bbox 724 733 868 763; x_wconf 81' lang='lat' dir='ltr'>inermes</span> <span class='ocrx_word' id='word_1_55' title='bbox 900 732 1074 762; x_wconf 77' lang='lat' dir='ltr'>statuere?</span> 
     </span>
     <span class='ocr_line' id='line_1_13' title="bbox 371 781 1073 822; baseline -0.007 -6"><span class='ocrx_word' id='word_1_56' title='bbox 371 786 523 817; x_wconf 76' lang='lat' dir='ltr'>Aduncae</span> <span class='ocrx_word' id='word_1_57' title='bbox 541 788 654 814; x_wconf 86' lang='lat' dir='ltr'>autem</span> <span class='ocrx_word' id='word_1_58' title='bbox 681 792 801 821; x_wconf 80' lang='lat' dir='ltr'>reapse</span> <span class='ocrx_word' id='word_1_59' title='bbox 825 782 926 822; x_wconf 86' lang='lat' dir='ltr'>peltae</span> <span class='ocrx_word' id='word_1_60' title='bbox 943 781 1010 812; x_wconf 77' lang='lat' dir='ltr'>illae</span> <span class='ocrx_word' id='word_1_61' title='bbox 1028 782 1073 812; x_wconf 92' lang='lat' dir='ltr'>A-</span> 
     </span>
     <span class='ocr_line' id='line_1_14' title="bbox 370 833 1073 872; baseline -0.001 -6"><span class='ocrx_word' id='word_1_62' title='bbox 370 836 563 867; x_wconf 73' lang='lat' dir='ltr'>mazonicae.</span> <span class='ocrx_word' id='word_1_63' title='bbox 610 834 700 864; x_wconf 89' lang='lat' dir='ltr'>Hinc</span> <span class='ocrx_word' id='word_1_64' title='bbox 717 833 874 863; x_wconf 72' lang='lat' dir='ltr'>Lanatum</span> <span class='ocrx_word' id='word_1_65' title='bbox 894 843 1002 872; x_wconf 80' lang='lat' dir='ltr'>agmen</span> <span class='ocrx_word' id='word_1_66' title='bbox 1020 843 1073 865; x_wconf 89' lang='lat' dir='ltr'>vo·</span> 
     </span>
     <span class='ocr_line' id='line_1_15' title="bbox 371 884 848 925; baseline -0.01 -6"><span class='ocrx_word' id='word_1_67' title='bbox 371 892 428 919; x_wconf 88' lang='lat' dir='ltr'>cat</span> <span class='ocrx_word' id='word_1_68' title='bbox 446 887 618 925; x_wconf 77' lang='lat' dir='ltr'>Papinius,</span> <span class='ocrx_word' id='word_1_69' title='bbox 634 886 654 916; x_wconf 94' lang='grc'>1.</span> <span class='ocrx_word' id='word_1_70' title='bbox 674 895 706 916; x_wconf 83' lang='grc' dir='ltr'>ν.</span> <span class='ocrx_word' id='word_1_71' title='bbox 730 884 848 915; x_wconf 69' lang='lat' dir='ltr'>Barth.</span> 
     </span>
    </p>

    <p class='ocr_par' dir='ltr' id='par_1_5' title="bbox 369 935 1074 1317">
     <span class='ocr_line' id='line_1_16' title="bbox 412 935 1073 974; baseline -0.005 -6"><span class='ocrx_word' id='word_1_72' title='bbox 412 941 454 968; x_wconf 79' lang='grc'>66</span> <span class='ocrx_word' id='word_1_73' title='bbox 492 935 780 974; x_wconf 76' lang='lat' dir='ltr'>Thermodontiaca]</span> <span class='ocrx_word' id='word_1_74' title='bbox 817 936 894 966; x_wconf 85' lang='lat' dir='ltr'>Non</span> <span class='ocrx_word' id='word_1_75' title='bbox 928 935 1073 966; x_wconf 80' lang='lat' dir='ltr'>Thermo-</span> 
     </span>
     <span class='ocr_line' id='line_1_17' title="bbox 369 985 1073 1024; baseline -0.004 -6"><span class='ocrx_word' id='word_1_76' title='bbox 369 989 523 1024; x_wconf 66' lang='lat' dir='ltr'>domnica,</span> <span class='ocrx_word' id='word_1_77' title='bbox 549 992 641 1017; x_wconf 83' lang='lat' dir='ltr'>recte</span> <span class='ocrx_word' id='word_1_78' title='bbox 664 985 821 1016; x_wconf 84' lang='lat' dir='ltr'>meliores</span> <span class='ocrx_word' id='word_1_79' title='bbox 852 985 944 1024; x_wconf 80' lang='lat' dir='ltr'>libri,</span> <span class='ocrx_word' id='word_1_80' title='bbox 970 985 1073 1015; x_wconf 86' lang='lat' dir='ltr'>etiam</span> 
     </span>
     <span class='ocr_line' id='line_1_18' title="bbox 371 1033 1073 1076; baseline -0.006 -9"><span class='ocrx_word' id='word_1_81' title='bbox 371 1037 462 1076; x_wconf 88' lang='lat' dir='ltr'>apud</span> <span class='ocrx_word' id='word_1_82' title='bbox 489 1037 570 1066; x_wconf 84' lang='lat' dir='ltr'>alios</span> <span class='ocrx_word' id='word_1_83' title='bbox 598 1035 732 1066; x_wconf 61' lang='lat' dir='ltr'>volitas.</span> <span class='ocrx_word' id='word_1_84' title='bbox 761 1034 966 1074; x_wconf 66' lang='lat' dir='ltr'>Periegeta‘,</span> <span class='ocrx_word' id='word_1_85' title='bbox 989 1033 1073 1064; x_wconf 81' lang='grc' dir='ltr'>ἐνυά-</span> 
     </span>
     <span class='ocr_line' id='line_1_19' title="bbox 369 1076 1073 1125; baseline -0.001 -9"><span class='ocrx_word' id='word_1_86' title='bbox 369 1076 437 1116; x_wconf 63' lang='lat' dir='ltr'>&gt;aas</span> <span class='ocrx_word' id='word_1_87' title='bbox 473 1085 649 1125; x_wconf 83' lang='grc' dir='ltr'>Θερμώδων.</span> <span class='ocrx_word' id='word_1_88' title='bbox 703 1084 841 1123; x_wconf 86' lang='lat' dir='ltr'>Ovidio,</span> <span class='ocrx_word' id='word_1_89' title='bbox 878 1086 886 1100; x_wconf 90' lang='lat'>‘</span> <span class='ocrx_word' id='word_1_90' title='bbox 905 1085 1073 1124; x_wconf 76' lang='lat' dir='ltr'>virgineus</span> 
     </span>
     <span class='ocr_line' id='line_1_20' title="bbox 371 1135 1073 1174; baseline -0.006 -6"><span class='ocrx_word' id='word_1_91' title='bbox 371 1136 612 1172; x_wconf 60' lang='lat' dir='ltr'>Thermodon:</span> <span class='ocrx_word' id='word_1_92' title='bbox 628 1136 723 1174; x_wconf 91' lang='lat' dir='ltr'>Silio,</span> <span class='ocrx_word' id='word_1_93' title='bbox 738 1136 746 1152; x_wconf 75' lang='lat'>⁶</span> <span class='ocrx_word' id='word_1_94' title='bbox 760 1135 960 1166; x_wconf 78' lang='lat' dir='ltr'>Amazonius</span> <span class='ocrx_word' id='word_1_95' title='bbox 972 1135 1073 1165; x_wconf 82' lang='lat' dir='ltr'>Ther-</span> 
     </span>
     <span class='ocr_line' id='line_1_21' title="bbox 370 1184 1072 1218; baseline -0.006 0"><span class='ocrx_word' id='word_1_96' title='bbox 370 1187 503 1218; x_wconf 87' lang='lat' dir='ltr'>modon’</span> <span class='ocrx_word' id='word_1_97' title='bbox 520 1187 551 1216; x_wconf 93' lang='lat' dir='ltr'>in</span> <span class='ocrx_word' id='word_1_98' title='bbox 569 1186 635 1216; x_wconf 86' lang='lat' dir='ltr'>fine</span> <span class='ocrx_word' id='word_1_99' title='bbox 652 1195 780 1215; x_wconf 61' lang='lat' dir='ltr'>versus.</span> <span class='ocrx_word' id='word_1_100' title='bbox 805 1185 923 1215; x_wconf 84' lang='lat' dir='ltr'>Carrio</span> <span class='ocrx_word' id='word_1_101' title='bbox 939 1184 981 1215; x_wconf 87' lang='lat' dir='ltr'>ad</span> <span class='ocrx_word' id='word_1_102' title='bbox 998 1185 1072 1215; x_wconf 89' lang='lat' dir='ltr'>Val.</span> 
     </span>
     <span class='ocr_line' id='line_1_22' title="bbox 370 1233 1074 1273; baseline -0.007 -5"><span class='ocrx_word' id='word_1_103' title='bbox 370 1237 531 1268; x_wconf 83' lang='lat' dir='ltr'>Flaccum</span> <span class='ocrx_word' id='word_1_104' title='bbox 550 1237 581 1266; x_wconf 93' lang='lat' dir='ltr'>in</span> <span class='ocrx_word' id='word_1_105' title='bbox 599 1235 772 1265; x_wconf 85' lang='lat' dir='ltr'>contraria</span> <span class='ocrx_word' id='word_1_106' title='bbox 796 1233 881 1273; x_wconf 86' lang='lat' dir='ltr'>abit,</span> <span class='ocrx_word' id='word_1_107' title='bbox 905 1234 963 1264; x_wconf 84' lang='lat' dir='ltr'>sed</span> <span class='ocrx_word' id='word_1_108' title='bbox 987 1233 1074 1264; x_wconf 83' lang='lat' dir='ltr'>falli-</span> 
     </span>
     <span class='ocr_line' id='line_1_23' title="bbox 371 1284 648 1317; baseline -0.014 0"><span class='ocrx_word' id='word_1_109' title='bbox 371 1291 438 1317; x_wconf 86' lang='lat' dir='ltr'>tur.</span> <span class='ocrx_word' id='word_1_110' title='bbox 474 1286 517 1316; x_wconf 92' lang='lat' dir='ltr'>D.</span> <span class='ocrx_word' id='word_1_111' title='bbox 541 1284 648 1314; x_wconf 74' lang='lat' dir='ltr'>Heius.</span> 
     </span>
    </p>

    <p class='ocr_par' dir='ltr' id='par_1_6' title="bbox 369 1331 1074 1466">
     <span class='ocr_line' id='line_1_24' title="bbox 413 1331 1074 1372; baseline -0.005 -7"><span class='ocrx_word' id='word_1_112' title='bbox 413 1338 454 1365; x_wconf 81' lang='grc'>68</span> <span class='ocrx_word' id='word_1_113' title='bbox 493 1332 646 1370; x_wconf 80' lang='lat' dir='ltr'>Hermus]</span> <span class='ocrx_word' id='word_1_114' title='bbox 684 1333 831 1362; x_wconf 83' lang='lat' dir='ltr'>Hermus</span> <span class='ocrx_word' id='word_1_115' title='bbox 864 1331 980 1372; x_wconf 71' lang='lat' dir='ltr'>Lydiae</span> <span class='ocrx_word' id='word_1_116' title='bbox 1014 1341 1074 1362; x_wconf 87' lang='lat' dir='ltr'>seu</span> 
     </span>
     <span class='ocr_line' id='line_1_25' title="bbox 371 1381 1074 1421; baseline -0.004 -5"><span class='ocrx_word' id='word_1_117' title='bbox 371 1385 527 1416; x_wconf 77' lang='lat' dir='ltr'>Maeoniae</span> <span class='ocrx_word' id='word_1_118' title='bbox 544 1382 677 1413; x_wconf 80' lang='lat' dir='ltr'>fluvius.</span> <span class='ocrx_word' id='word_1_119' title='bbox 724 1382 778 1411; x_wconf 84' lang='lat' dir='ltr'>De</span> <span class='ocrx_word' id='word_1_120' title='bbox 799 1391 879 1412; x_wconf 89' lang='lat' dir='ltr'>auro</span> <span class='ocrx_word' id='word_1_121' title='bbox 896 1381 968 1421; x_wconf 78' lang='lat' dir='ltr'>ejus</span> <span class='ocrx_word' id='word_1_122' title='bbox 986 1382 1074 1413; x_wconf 55' lang='lat' dir='ltr'>Poki-</span> 
     </span>
     <span class='ocr_line' id='line_1_26' title="bbox 369 1432 906 1466; baseline -0.006 -1"><span class='ocrx_word' id='word_1_123' title='bbox 369 1434 440 1466; x_wconf 85' lang='lat' dir='ltr'>tico</span> <span class='ocrx_word' id='word_1_124' title='bbox 457 1433 566 1464; x_wconf 90' lang='lat' dir='ltr'>omnia</span> <span class='ocrx_word' id='word_1_125' title='bbox 583 1432 766 1462; x_wconf 85' lang='lat' dir='ltr'>notissima.</span> <span class='ocrx_word' id='word_1_126' title='bbox 790 1432 906 1462; x_wconf 77' lang='lat' dir='ltr'>Barth.</span> 
     </span>
    </p>

    <p class='ocr_par' dir='ltr' id='par_1_7' title="bbox 365 1481 1074 1865">
     <span class='ocr_line' id='line_1_27' title="bbox 411 1481 1074 1521; baseline -0.005 -7"><span class='ocrx_word' id='word_1_127' title='bbox 411 1486 453 1514; x_wconf 80' lang='lat'>69</span> <span class='ocrx_word' id='word_1_128' title='bbox 480 1483 670 1513; x_wconf 74' lang='lat' dir='ltr'>Percurrunt</span> <span class='ocrx_word' id='word_1_129' title='bbox 691 1491 767 1511; x_wconf 81' lang='lat' dir='ltr'>auro</span> <span class='ocrx_word' id='word_1_130' title='bbox 792 1481 938 1521; x_wconf 77' lang='lat' dir='ltr'>vnulidoe]</span> <span class='ocrx_word' id='word_1_131' title='bbox 965 1482 1074 1512; x_wconf 78' lang='lat' dir='ltr'>Circu-</span> 
     </span>
     <span class='ocr_line' id='line_1_28' title="bbox 367 1531 1074 1565; baseline -0.006 0"><span class='ocrx_word' id='word_1_132' title='bbox 367 1537 441 1565; x_wconf 78' lang='lat' dir='ltr'>eunt</span> <span class='ocrx_word' id='word_1_133' title='bbox 468 1532 594 1563; x_wconf 85' lang='lat' dir='ltr'>Moreti</span> <span class='ocrx_word' id='word_1_134' title='bbox 623 1532 724 1561; x_wconf 88' lang='lat' dir='ltr'>liber:</span> <span class='ocrx_word' id='word_1_135' title='bbox 761 1531 817 1561; x_wconf 86' lang='lat' dir='ltr'>alii</span> <span class='ocrx_word' id='word_1_136' title='bbox 845 1531 976 1562; x_wconf 88' lang='lat' dir='ltr'>codices</span> <span class='ocrx_word' id='word_1_137' title='bbox 999 1541 1074 1561; x_wconf 81' lang='lat' dir='ltr'>auro</span> 
     </span>
     <span class='ocr_line' id='line_1_29' title="bbox 366 1581 1073 1623; baseline -0.004 -10"><span class='ocrx_word' id='word_1_138' title='bbox 366 1583 529 1623; x_wconf 56' lang='lat' dir='ltr'>grat-imm</span> <span class='ocrx_word' id='word_1_139' title='bbox 552 1581 641 1611; x_wconf 85' lang='lat' dir='ltr'>unde</span> <span class='ocrx_word' id='word_1_140' title='bbox 660 1581 810 1619; x_wconf 75' lang='lat' dir='ltr'>gravidas</span> <span class='ocrx_word' id='word_1_141' title='bbox 835 1585 955 1611; x_wconf 88' lang='lat' dir='ltr'>contra</span> <span class='ocrx_word' id='word_1_142' title='bbox 969 1581 1073 1621; x_wconf 86' lang='lat' dir='ltr'>serip-</span> 
     </span>
     <span class='ocr_line' id='line_1_30' title="bbox 368 1631 1072 1672; baseline -0.004 -7"><span class='ocrx_word' id='word_1_143' title='bbox 368 1639 422 1665; x_wconf 88' lang='lat' dir='ltr'>tos</span> <span class='ocrx_word' id='word_1_144' title='bbox 440 1632 711 1672; x_wconf 74' lang='lat' dir='ltr'>Raphelengius:</span> <span class='ocrx_word' id='word_1_145' title='bbox 736 1631 816 1661; x_wconf 86' lang='lat' dir='ltr'>nihil</span> <span class='ocrx_word' id='word_1_146' title='bbox 832 1635 935 1662; x_wconf 89' lang='lat' dir='ltr'>muta.</span> <span class='ocrx_word' id='word_1_147' title='bbox 971 1632 1072 1662; x_wconf 86' lang='lat' dir='ltr'>Cous.</span> 
     </span>
     <span class='ocr_line' id='line_1_31' title="bbox 368 1681 1072 1721; baseline -0.006 -6"><span class='ocrx_word' id='word_1_148' title='bbox 368 1683 511 1715; x_wconf 86' lang='lat' dir='ltr'>Manlii:</span> <span class='ocrx_word' id='word_1_149' title='bbox 544 1684 552 1698; x_wconf 92' lang='lat'>‘</span> <span class='ocrx_word' id='word_1_150' title='bbox 570 1681 773 1720; x_wconf 81' lang='lat' dir='ltr'>madidoque</span> <span class='ocrx_word' id='word_1_151' title='bbox 793 1681 894 1719; x_wconf 82' lang='lat' dir='ltr'>jubas</span> <span class='ocrx_word' id='word_1_152' title='bbox 920 1681 1072 1721; x_wconf 76' lang='lat' dir='ltr'>aspergi-</span> 
     </span>
     <span class='ocr_line' id='line_1_32' title="bbox 370 1731 1071 1764; baseline -0.004 0"><span class='ocrx_word' id='word_1_153' title='bbox 370 1737 426 1764; x_wconf 90' lang='lat' dir='ltr'>tur</span> <span class='ocrx_word' id='word_1_154' title='bbox 442 1732 546 1764; x_wconf 67' lang='lat' dir='ltr'>auro.y</span> <span class='ocrx_word' id='word_1_155' title='bbox 583 1731 686 1761; x_wconf 84' lang='lat' dir='ltr'>ovid.</span> <span class='ocrx_word' id='word_1_156' title='bbox 705 1731 793 1761; x_wconf 80' lang='lat' dir='ltr'>Met.</span> <span class='ocrx_word' id='word_1_157' title='bbox 820 1739 869 1761; x_wconf 75' lang='lat' dir='ltr'>xi.</span> <span class='ocrx_word' id='word_1_158' title='bbox 894 1732 903 1748; x_wconf 90' lang='lat'>‘</span> <span class='ocrx_word' id='word_1_159' title='bbox 921 1731 1013 1761; x_wconf 83' lang='lat' dir='ltr'>Arva</span> <span class='ocrx_word' id='word_1_160' title='bbox 1030 1731 1071 1761; x_wconf 89' lang='lat' dir='ltr'>ri-</span> 
     </span>
     <span class='ocr_line' id='line_1_33' title="bbox 367 1781 1071 1823; baseline 0 -10"><span class='ocrx_word' id='word_1_161' title='bbox 367 1788 450 1823; x_wconf 83' lang='lat' dir='ltr'>gent</span> <span class='ocrx_word' id='word_1_162' title='bbox 475 1792 555 1813; x_wconf 89' lang='lat' dir='ltr'>auro</span> <span class='ocrx_word' id='word_1_163' title='bbox 582 1781 726 1812; x_wconf 81' lang='lat' dir='ltr'>madidis</span> <span class='ocrx_word' id='word_1_164' title='bbox 754 1781 918 1822; x_wconf 84' lang='lat' dir='ltr'>pallentia</span> <span class='ocrx_word' id='word_1_165' title='bbox 941 1781 1071 1821; x_wconf 69' lang='lat' dir='ltr'>glebis.y</span> 
     </span>
     <span class='ocr_line' id='line_1_34' title="bbox 365 1832 537 1865; baseline -0.017 0"><span class='ocrx_word' id='word_1_166' title='bbox 365 1832 537 1865; x_wconf 79' lang='lat' dir='ltr'>D.He1·ns.</span> 
     </span>
    </p>

    <p class='ocr_par' dir='ltr' id='par_1_8' title="bbox 366 1881 1070 2113">
     <span class='ocr_line' id='line_1_35' title="bbox 410 1881 1070 1922; baseline -0.005 -9"><span class='ocrx_word' id='word_1_167' title='bbox 410 1883 497 1913; x_wconf 77' lang='lat' dir='ltr'>Auro</span> <span class='ocrx_word' id='word_1_168' title='bbox 514 1882 660 1922; x_wconf 74' lang='lat' dir='ltr'>madidoe]</span> <span class='ocrx_word' id='word_1_169' title='bbox 684 1881 869 1911; x_wconf 78' lang='lat' dir='ltr'>Verissima</span> <span class='ocrx_word' id='word_1_170' title='bbox 888 1881 1070 1921; x_wconf 85' lang='lat' dir='ltr'>scriptura,</span> 
     </span>
     <span class='ocr_line' id='line_1_36' title="bbox 368 1931 1069 1973; baseline 0 -11"><span class='ocrx_word' id='word_1_171' title='bbox 368 1932 527 1973; x_wconf 86' lang='lat' dir='ltr'>quicquid</span> <span class='ocrx_word' id='word_1_172' title='bbox 552 1932 685 1962; x_wconf 84' lang='lat' dir='ltr'>varient</span> <span class='ocrx_word' id='word_1_173' title='bbox 709 1931 798 1962; x_wconf 81' lang='lat' dir='ltr'>libri.</span> <span class='ocrx_word' id='word_1_174' title='bbox 844 1931 965 1961; x_wconf 80' lang='lat' dir='ltr'>Hermi</span> <span class='ocrx_word' id='word_1_175' title='bbox 981 1932 1069 1962; x_wconf 89' lang='lat' dir='ltr'>enim</span> 
     </span>
     <span class='ocr_line' id='line_1_37' title="bbox 367 1980 1068 2022; baseline -0.003 -9"><span class='ocrx_word' id='word_1_176' title='bbox 367 1982 456 2013; x_wconf 86' lang='lat' dir='ltr'>unda</span> <span class='ocrx_word' id='word_1_177' title='bbox 472 1987 542 2013; x_wconf 90' lang='lat' dir='ltr'>tota</span> <span class='ocrx_word' id='word_1_178' title='bbox 557 1982 697 2022; x_wconf 80' lang='lat' dir='ltr'>fingitur</span> <span class='ocrx_word' id='word_1_179' title='bbox 713 1980 876 2020; x_wconf 73' lang='grc' dir='ltr'><strong><em>ἔγχρυσος.</em></strong></span> <span class='ocrx_word' id='word_1_180' title='bbox 907 1981 954 2011; x_wconf 92' lang='lat' dir='ltr'>Ut</span> <span class='ocrx_word' id='word_1_181' title='bbox 971 1981 1068 2011; x_wconf 86' lang='lat' dir='ltr'>simul</span> 
     </span>
     <span class='ocr_line' id='line_1_38' title="bbox 367 2031 1067 2072; baseline -0.001 -9"><span class='ocrx_word' id='word_1_182' title='bbox 367 2041 448 2063; x_wconf 87' lang='lat' dir='ltr'>auro</span> <span class='ocrx_word' id='word_1_183' title='bbox 465 2037 500 2063; x_wconf 86' lang='lat' dir='ltr'>et</span> <span class='ocrx_word' id='word_1_184' title='bbox 528 2042 613 2072; x_wconf 85' lang='lat' dir='ltr'>aqua</span> <span class='ocrx_word' id='word_1_185' title='bbox 629 2033 702 2072; x_wconf 78' lang='lat' dir='ltr'>ejus</span> <span class='ocrx_word' id='word_1_186' title='bbox 732 2031 877 2062; x_wconf 85' lang='lat' dir='ltr'>fluminis</span> <span class='ocrx_word' id='word_1_187' title='bbox 899 2031 1067 2071; x_wconf 63' lang='lat' dir='ltr'>Nympha?v</span> 
     </span>
     <span class='ocr_line' id='line_1_39' title="bbox 366 2081 676 2113; baseline -0.006 0"><span class='ocrx_word' id='word_1_188' title='bbox 366 2081 536 2113; x_wconf 78' lang='lat' dir='ltr'>madeant.</span> <span class='ocrx_word' id='word_1_189' title='bbox 562 2082 676 2112; x_wconf 72' lang='lat' dir='ltr'>Barth.</span> 
     </span>
    </p>

    <p class='ocr_par' dir='ltr' id='par_1_9' title="bbox 366 2131 1067 2263">
     <span class='ocr_line' id='line_1_40' title="bbox 409 2131 1066 2172; baseline 0 -10"><span class='ocrx_word' id='word_1_190' title='bbox 409 2134 447 2162; x_wconf 83' lang='lat'>71</span> <span class='ocrx_word' id='word_1_191' title='bbox 480 2132 607 2172; x_wconf 69' lang='lat' dir='ltr'>Vulgus]</span> <span class='ocrx_word' id='word_1_192' title='bbox 632 2131 804 2171; x_wconf 73' lang='lat' dir='ltr'>Nymphas</span> <span class='ocrx_word' id='word_1_193' title='bbox 820 2141 895 2162; x_wconf 91' lang='lat' dir='ltr'>cum</span> <span class='ocrx_word' id='word_1_194' title='bbox 912 2131 1066 2162; x_wconf 90' lang='lat' dir='ltr'>Ducibus</span> 
     </span>
     <span class='ocr_line' id='line_1_41' title="bbox 366 2181 1067 2220; baseline -0.001 -7"><span class='ocrx_word' id='word_1_195' title='bbox 366 2181 446 2213; x_wconf 88' lang='lat' dir='ltr'>suis.</span> <span class='ocrx_word' id='word_1_196' title='bbox 477 2183 594 2219; x_wconf 70' lang='lat' dir='ltr'>Vulgus</span> <span class='ocrx_word' id='word_1_197' title='bbox 610 2182 715 2211; x_wconf 85' lang='lat' dir='ltr'>onmis</span> <span class='ocrx_word' id='word_1_198' title='bbox 732 2182 842 2220; x_wconf 87' lang='lat' dir='ltr'>turba,</span> <span class='ocrx_word' id='word_1_199' title='bbox 864 2187 900 2212; x_wconf 87' lang='lat' dir='ltr'>ut</span> <span class='ocrx_word' id='word_1_200' title='bbox 916 2182 979 2212; x_wconf 87' lang='lat' dir='ltr'>ista</span> <span class='ocrx_word' id='word_1_201' title='bbox 995 2183 1067 2213; x_wconf 87' lang='lat' dir='ltr'>sine</span> 
     </span>
     <span class='ocr_line' id='line_1_42' title="bbox 366 2233 761 2263; baseline 0 0"><span class='ocrx_word' id='word_1_202' title='bbox 366 2233 485 2263; x_wconf 80' lang='lat' dir='ltr'>ordine</span> <span class='ocrx_word' id='word_1_203' title='bbox 502 2233 638 2263; x_wconf 76' lang='lat' dir='ltr'>incedit.</span> <span class='ocrx_word' id='word_1_204' title='bbox 665 2233 761 2263; x_wconf 80' lang='lat' dir='ltr'>Idem.</span> 
     </span>
    </p>

    <p class='ocr_par' dir='ltr' id='par_1_10' title="bbox 364 2283 1067 2524">
     <span class='ocr_line' id='line_1_43' title="bbox 408 2283 1066 2323; baseline 0 -11"><span class='ocrx_word' id='word_1_205' title='bbox 408 2286 450 2314; x_wconf 82' lang='lat'>72</span> <span class='ocrx_word' id='word_1_206' title='bbox 475 2284 585 2323; x_wconf 76' lang='lat' dir='ltr'>AEtnn]</span> <span class='ocrx_word' id='word_1_207' title='bbox 607 2283 723 2313; x_wconf 74' lang='lat' dir='ltr'>Scribe</span> <span class='ocrx_word' id='word_1_208' title='bbox 745 2284 962 2323; x_wconf 74' lang='lat' dir='ltr'>Enn‹1,qnota</span> <span class='ocrx_word' id='word_1_209' title='bbox 977 2283 1066 2313; x_wconf 90' lang='lat' dir='ltr'>enim</span> 
     </span>
     <span class='ocr_line' id='line_1_44' title="bbox 366 2331 1065 2373; baseline 0 -11"><span class='ocrx_word' id='word_1_210' title='bbox 366 2341 444 2373; x_wconf 83' lang='lat' dir='ltr'>pars</span> <span class='ocrx_word' id='word_1_211' title='bbox 460 2332 570 2362; x_wconf 62' lang='lat' dir='ltr'>Aitna*</span> <span class='ocrx_word' id='word_1_212' title='bbox 588 2331 726 2362; x_wconf 76' lang='lat' dir='ltr'>florida?</span> <span class='ocrx_word' id='word_1_213' title='bbox 743 2333 786 2362; x_wconf 79' lang='lat' dir='ltr'>Et</span> <span class='ocrx_word' id='word_1_214' title='bbox 799 2342 864 2372; x_wconf 86' lang='lat' dir='ltr'>quo</span> <span class='ocrx_word' id='word_1_215' title='bbox 878 2338 979 2372; x_wconf 88' lang='lat' dir='ltr'>pacto</span> <span class='ocrx_word' id='word_1_216' title='bbox 997 2337 1065 2363; x_wconf 87' lang='lat' dir='ltr'>tam</span> 
     </span>
     <span class='ocr_line' id='line_1_45' title="bbox 364 2382 1067 2422; baseline -0.003 -9"><span class='ocrx_word' id='word_1_217' title='bbox 364 2382 532 2413; x_wconf 66' lang='lat' dir='ltr'>horribilis</span> <span class='ocrx_word' id='word_1_218' title='bbox 550 2382 725 2412; x_wconf 68' lang='lat' dir='ltr'>maximam</span> <span class='ocrx_word' id='word_1_219' title='bbox 743 2388 875 2422; x_wconf 83' lang='lat' dir='ltr'>partem</span> <span class='ocrx_word' id='word_1_220' title='bbox 893 2392 985 2412; x_wconf 87' lang='lat' dir='ltr'>mons</span> <span class='ocrx_word' id='word_1_221' title='bbox 1009 2391 1067 2420; x_wconf 89' lang='lat' dir='ltr'>pa-</span> 
     </span>
     <span class='ocr_line' id='line_1_46' title="bbox 367 2431 1067 2463; baseline -0.003 0"><span class='ocrx_word' id='word_1_222' title='bbox 367 2437 421 2463; x_wconf 84' lang='lat' dir='ltr'>ter</span> <span class='ocrx_word' id='word_1_223' title='bbox 447 2431 586 2462; x_wconf 83' lang='lat' dir='ltr'>florum?</span> <span class='ocrx_word' id='word_1_224' title='bbox 621 2432 818 2462; x_wconf 80' lang='lat' dir='ltr'>Parrhasius</span> <span class='ocrx_word' id='word_1_225' title='bbox 845 2432 947 2462; x_wconf 84' lang='lat' dir='ltr'>etiam</span> <span class='ocrx_word' id='word_1_226' title='bbox 976 2432 1067 2461; x_wconf 83' lang='grc' dir='ltr'>Εηιια</span> 
     </span>
     <span class='ocr_line' id='line_1_47' title="bbox 366 2483 619 2524; baseline -0.008 -10"><span class='ocrx_word' id='word_1_227' title='bbox 366 2483 499 2524; x_wconf 81' lang='lat' dir='ltr'>probat.</span> <span class='ocrx_word' id='word_1_228' title='bbox 524 2484 619 2513; x_wconf 75' lang='lat' dir='ltr'>Mem.</span> 
     </span>
    </p>

    <p class='ocr_par' dir='ltr' id='par_1_11' title="bbox 366 2531 1066 2724">
     <span class='ocr_line' id='line_1_48' title="bbox 410 2531 1065 2572; baseline -0.003 -8"><span class='ocrx_word' id='word_1_229' title='bbox 410 2533 524 2564; x_wconf 73' lang='lat' dir='ltr'>Hermu</span> <span class='ocrx_word' id='word_1_230' title='bbox 553 2543 665 2572; x_wconf 73' lang='lat' dir='ltr'>parcns</span> <span class='ocrx_word' id='word_1_231' title='bbox 687 2532 821 2571; x_wconf 80' lang='lat' dir='ltr'>florum]</span> <span class='ocrx_word' id='word_1_232' title='bbox 861 2531 914 2562; x_wconf 85' lang='lat' dir='ltr'>Ita</span> <span class='ocrx_word' id='word_1_233' title='bbox 951 2532 1065 2562; x_wconf 73' lang='lat' dir='ltr'>Oxou.</span> 
     </span>
     <span class='ocr_line' id='line_1_49' title="bbox 367 2582 1064 2625; baseline -0.004 -11"><span class='ocrx_word' id='word_1_234' title='bbox 367 2584 457 2625; x_wconf 87' lang='lat' dir='ltr'>quod</span> <span class='ocrx_word' id='word_1_235' title='bbox 483 2590 517 2614; x_wconf 66' lang='lat' dir='ltr'>rt</span> <span class='ocrx_word' id='word_1_236' title='bbox 545 2585 575 2613; x_wconf 91' lang='lat' dir='ltr'>iu</span> <span class='ocrx_word' id='word_1_237' title='bbox 603 2584 668 2613; x_wconf 78' lang='lat' dir='ltr'>suis</span> <span class='ocrx_word' id='word_1_238' title='bbox 692 2583 890 2613; x_wconf 79' lang='lat' dir='ltr'>Parrhasius</span> <span class='ocrx_word' id='word_1_239' title='bbox 919 2582 1064 2621; x_wconf 81' lang='lat' dir='ltr'>invenit;</span> 
     </span>
     <span class='ocr_line' id='line_1_50' title="bbox 366 2632 1063 2672; baseline -0.003 -8"><span class='ocrx_word' id='word_1_240' title='bbox 366 2637 403 2664; x_wconf 90' lang='lat' dir='ltr'>et</span> <span class='ocrx_word' id='word_1_241' title='bbox 433 2634 521 2664; x_wconf 84' lang='lat' dir='ltr'>curis</span> <span class='ocrx_word' id='word_1_242' title='bbox 549 2633 706 2664; x_wconf 82' lang='lat' dir='ltr'>secundis</span> <span class='ocrx_word' id='word_1_243' title='bbox 740 2633 859 2672; x_wconf 82' lang='lat' dir='ltr'>probat</span> <span class='ocrx_word' id='word_1_244' title='bbox 892 2632 1063 2662; x_wconf 84' lang='lat' dir='ltr'>Barthins.</span> 
     </span>
     <span class='ocr_line' id='line_1_51' title="bbox 366 2681 1066 2724; baseline -0.006 -7"><span class='ocrx_word' id='word_1_245' title='bbox 366 2681 542 2717; x_wconf 85' lang='lat' dir='ltr'>Claverius</span> <span class='ocrx_word' id='word_1_246' title='bbox 557 2683 594 2715; x_wconf 76' lang='grc' dir='ltr'>τὸ</span> <span class='ocrx_word' id='word_1_247' title='bbox 608 2685 706 2716; x_wconf 80' lang='lat' dir='ltr'>AEtna</span> <span class='ocrx_word' id='word_1_248' title='bbox 723 2688 849 2724; x_wconf 84' lang='lat' dir='ltr'>tuetur,</span> <span class='ocrx_word' id='word_1_249' title='bbox 865 2683 954 2724; x_wconf 83' lang='lat' dir='ltr'>quod</span> <span class='ocrx_word' id='word_1_250' title='bbox 971 2682 1066 2724; x_wconf 80' lang='lat' dir='ltr'>stori-</span> 
     </span>
    </p>
   </div>
   <div class='ocr_carea' id='block_1_3' title="bbox 573 143 1624 177">
    <p class='ocr_par' dir='ltr' id='par_1_12' title="bbox 573 143 1624 177">
     <span class='ocr_line' id='line_1_52' title="bbox 573 143 1624 177; baseline -0.005 0"><span class='ocrx_word' id='word_1_251' title='bbox 573 145 716 177; x_wconf 82' lang='lat' dir='ltr'><strong>NOTAE</strong></span> <span class='ocrx_word' id='word_1_252' title='bbox 748 143 1012 174; x_wconf 68' lang='lat' dir='ltr'>VARIORUM</span> <span class='ocrx_word' id='word_1_253' title='bbox 1048 143 1098 173; x_wconf 84' lang='grc' dir='ltr'>ΙΝ</span> <span class='ocrx_word' id='word_1_254' title='bbox 1134 144 1208 174; x_wconf 74' lang='lat' dir='ltr'>ct..</span> <span class='ocrx_word' id='word_1_255' title='bbox 1242 144 1424 174; x_wconf 79' lang='lat' dir='ltr'>CLAUD.</span> <span class='ocrx_word' id='word_1_256' title='bbox 1458 143 1624 174; x_wconf 78' lang='lat' dir='ltr'>XXXV.</span> 
     </span>
    </p>
   </div>
   <div class='ocr_carea' id='block_1_4' title="bbox 1113 235 1828 2712">
    <p class='ocr_par' dir='ltr' id='par_1_13' title="bbox 1121 235 1828 976">
     <span class='ocr_line' id='line_1_53' title="bbox 1121 235 1823 267; baseline 0.001 -1"><span class='ocrx_word' id='word_1_257' title='bbox 1121 247 1205 267; x_wconf 78' lang='lat' dir='ltr'>coma</span> <span class='ocrx_word' id='word_1_258' title='bbox 1223 237 1373 267; x_wconf 73' lang='lat' dir='ltr'>Ausonio</span> <span class='ocrx_word' id='word_1_259' title='bbox 1391 237 1485 267; x_wconf 88' lang='lat' dir='ltr'>dicta</span> <span class='ocrx_word' id='word_1_260' title='bbox 1507 236 1561 267; x_wconf 84' lang='lat' dir='ltr'>sit.</span> <span class='ocrx_word' id='word_1_261' title='bbox 1606 235 1651 267; x_wconf 86' lang='lat' dir='ltr'>At</span> <span class='ocrx_word' id='word_1_262' title='bbox 1668 236 1823 267; x_wconf 85' lang='lat' dir='ltr'>Solinus:</span> 
     </span>
     <span class='ocr_line' id='line_1_54' title="bbox 1123 285 1824 326; baseline -0.003 -8"><span class='ocrx_word' id='word_1_263' title='bbox 1123 289 1132 304; x_wconf 89' lang='lat'>‘</span> <span class='ocrx_word' id='word_1_264' title='bbox 1150 287 1189 318; x_wconf 92' lang='lat' dir='ltr'>In</span> <span class='ocrx_word' id='word_1_265' title='bbox 1206 288 1319 318; x_wconf 77' lang='lat' dir='ltr'>Sicilia</span> <span class='ocrx_word' id='word_1_266' title='bbox 1333 297 1471 326; x_wconf 82' lang='lat' dir='ltr'>campus</span> <span class='ocrx_word' id='word_1_267' title='bbox 1490 286 1653 317; x_wconf 82' lang='lat' dir='ltr'>Ennensis</span> <span class='ocrx_word' id='word_1_268' title='bbox 1679 286 1711 316; x_wconf 90' lang='lat' dir='ltr'>in</span> <span class='ocrx_word' id='word_1_269' title='bbox 1735 285 1824 317; x_wconf 85' lang='lat' dir='ltr'>flori·</span> 
     </span>
     <span class='ocr_line' id='line_1_55' title="bbox 1125 335 1825 377; baseline -0.001 -11"><span class='ocrx_word' id='word_1_270' title='bbox 1125 337 1184 366; x_wconf 87' lang='lat' dir='ltr'>bus</span> <span class='ocrx_word' id='word_1_271' title='bbox 1200 347 1334 377; x_wconf 81' lang='lat' dir='ltr'>semper</span> <span class='ocrx_word' id='word_1_272' title='bbox 1351 343 1384 367; x_wconf 74' lang='lat' dir='ltr'>et</span> <span class='ocrx_word' id='word_1_273' title='bbox 1400 337 1488 366; x_wconf 88' lang='lat' dir='ltr'>omni</span> <span class='ocrx_word' id='word_1_274' title='bbox 1513 345 1634 366; x_wconf 80' lang='lat' dir='ltr'>vernus</span> <span class='ocrx_word' id='word_1_275' title='bbox 1659 335 1736 366; x_wconf 64' lang='lat' dir='ltr'>die!</span> <span class='ocrx_word' id='word_1_276' title='bbox 1762 335 1825 365; x_wconf 86' lang='lat' dir='ltr'>Ar-</span> 
     </span>
     <span class='ocr_line' id='line_1_56' title="bbox 1124 385 1826 425; baseline -0.001 -9"><span class='ocrx_word' id='word_1_277' title='bbox 1124 387 1254 425; x_wconf 88' lang='lat' dir='ltr'>nobius,</span> <span class='ocrx_word' id='word_1_278' title='bbox 1278 388 1335 417; x_wconf 84' lang='lat' dir='ltr'>lib.</span> <span class='ocrx_word' id='word_1_279' title='bbox 1353 397 1386 417; x_wconf 89' lang='lat' dir='ltr'>v.</span> <span class='ocrx_word' id='word_1_280' title='bbox 1421 389 1428 403; x_wconf 89' lang='lat'>‘</span> <span class='ocrx_word' id='word_1_281' title='bbox 1450 387 1487 416; x_wconf 91' lang='lat' dir='ltr'>In</span> <span class='ocrx_word' id='word_1_282' title='bbox 1512 394 1648 415; x_wconf 68' lang='lat' dir='ltr'>nemore</span> <span class='ocrx_word' id='word_1_283' title='bbox 1677 385 1826 415; x_wconf 85' lang='lat' dir='ltr'>Enuensi</span> 
     </span>
     <span class='ocr_line' id='line_1_57' title="bbox 1122 433 1824 476; baseline -0.004 -10"><span class='ocrx_word' id='word_1_284' title='bbox 1122 435 1222 467; x_wconf 85' lang='lat' dir='ltr'>flores</span> <span class='ocrx_word' id='word_1_285' title='bbox 1260 437 1466 476; x_wconf 80' lang='lat' dir='ltr'>Proserpina</span> <span class='ocrx_word' id='word_1_286' title='bbox 1506 436 1621 473; x_wconf 69' lang='lat' dir='ltr'>virago</span> <span class='ocrx_word' id='word_1_287' title='bbox 1655 433 1824 474; x_wconf 85' lang='lat' dir='ltr'>quondam</span> 
     </span>
     <span class='ocr_line' id='line_1_58' title="bbox 1121 485 1825 518; baseline -0.004 -2"><span class='ocrx_word' id='word_1_288' title='bbox 1121 487 1326 518; x_wconf 61' lang='lat' dir='ltr'>lectitabat!</span> <span class='ocrx_word' id='word_1_289' title='bbox 1370 487 1437 518; x_wconf 87' lang='lat' dir='ltr'>Jul.</span> <span class='ocrx_word' id='word_1_290' title='bbox 1467 486 1631 517; x_wconf 82' lang='lat' dir='ltr'>Firmicns</span> <span class='ocrx_word' id='word_1_291' title='bbox 1654 485 1694 514; x_wconf 82' lang='lat' dir='ltr'>de</span> <span class='ocrx_word' id='word_1_292' title='bbox 1713 492 1825 514; x_wconf 83' lang='lat' dir='ltr'>errore</span> 
     </span>
     <span class='ocr_line' id='line_1_59' title="bbox 1125 534 1825 576; baseline -0.003 -9"><span class='ocrx_word' id='word_1_293' title='bbox 1125 537 1255 576; x_wconf 87' lang='lat' dir='ltr'>profan.</span> <span class='ocrx_word' id='word_1_294' title='bbox 1273 537 1379 576; x_wconf 87' lang='lat' dir='ltr'>Relig.</span> <span class='ocrx_word' id='word_1_295' title='bbox 1407 537 1416 553; x_wconf 88' lang='lat'>‘</span> <span class='ocrx_word' id='word_1_296' title='bbox 1436 537 1564 566; x_wconf 84' lang='lat' dir='ltr'>Percus</span> <span class='ocrx_word' id='word_1_297' title='bbox 1592 540 1704 566; x_wconf 83' lang='lat' dir='ltr'>autem</span> <span class='ocrx_word' id='word_1_298' title='bbox 1732 534 1825 565; x_wconf 88' lang='lat' dir='ltr'>lacus</span> 
     </span>
     <span class='ocr_line' id='line_1_60' title="bbox 1124 585 1826 625; baseline -0.004 -9"><span class='ocrx_word' id='word_1_299' title='bbox 1124 587 1156 616; x_wconf 86' lang='lat' dir='ltr'>in</span> <span class='ocrx_word' id='word_1_300' title='bbox 1171 587 1276 617; x_wconf 80' lang='lat' dir='ltr'>Ennae</span> <span class='ocrx_word' id='word_1_301' title='bbox 1292 587 1439 617; x_wconf 87' lang='lat' dir='ltr'>civitatis</span> <span class='ocrx_word' id='word_1_302' title='bbox 1452 586 1593 616; x_wconf 84' lang='lat' dir='ltr'>finibus:</span> <span class='ocrx_word' id='word_1_303' title='bbox 1611 585 1664 625; x_wconf 88' lang='lat' dir='ltr'>cuj</span> <span class='ocrx_word' id='word_1_304' title='bbox 1673 594 1709 615; x_wconf 88' lang='lat' dir='ltr'>us</span> <span class='ocrx_word' id='word_1_305' title='bbox 1725 593 1826 614; x_wconf 85' lang='lat' dir='ltr'>amoe-</span> 
     </span>
     <span class='ocr_line' id='line_1_61' title="bbox 1125 635 1827 666; baseline 0 -1"><span class='ocrx_word' id='word_1_306' title='bbox 1125 636 1213 666; x_wconf 84' lang='lat' dir='ltr'>nitas</span> <span class='ocrx_word' id='word_1_307' title='bbox 1229 645 1270 666; x_wconf 80' lang='lat' dir='ltr'>ex</span> <span class='ocrx_word' id='word_1_308' title='bbox 1287 635 1405 666; x_wconf 87' lang='lat' dir='ltr'>florum</span> <span class='ocrx_word' id='word_1_309' title='bbox 1422 636 1642 666; x_wconf 84' lang='lat' dir='ltr'>varietatibus</span> <span class='ocrx_word' id='word_1_310' title='bbox 1667 635 1827 665; x_wconf 82' lang='lat' dir='ltr'>nascitur.</span> 
     </span>
     <span class='ocr_line' id='line_1_62' title="bbox 1125 683 1825 725; baseline -0.006 -9"><span class='ocrx_word' id='word_1_311' title='bbox 1125 686 1212 716; x_wconf 88' lang='lat' dir='ltr'>Nam</span> <span class='ocrx_word' id='word_1_312' title='bbox 1231 695 1290 725; x_wconf 84' lang='lat' dir='ltr'>per</span> <span class='ocrx_word' id='word_1_313' title='bbox 1307 694 1437 716; x_wconf 83' lang='lat' dir='ltr'>omnem</span> <span class='ocrx_word' id='word_1_314' title='bbox 1454 694 1576 714; x_wconf 89' lang='lat' dir='ltr'>annum</span> <span class='ocrx_word' id='word_1_315' title='bbox 1597 683 1662 714; x_wconf 88' lang='lat' dir='ltr'>sibi</span> <span class='ocrx_word' id='word_1_316' title='bbox 1678 683 1825 713; x_wconf 85' lang='lat' dir='ltr'>vicissim</span> 
     </span>
     <span class='ocr_line' id='line_1_63' title="bbox 1125 731 1828 765; baseline -0.001 -2"><span class='ocrx_word' id='word_1_317' title='bbox 1125 734 1386 765; x_wconf 78' lang='lat' dir='ltr'>succedentibus</span> <span class='ocrx_word' id='word_1_318' title='bbox 1432 733 1569 764; x_wconf 84' lang='lat' dir='ltr'>floribus</span> <span class='ocrx_word' id='word_1_319' title='bbox 1619 731 1828 763; x_wconf 86' lang='lat' dir='ltr'>coronatur.’</span> 
     </span>
     <span class='ocr_line' id='line_1_64' title="bbox 1126 782 1824 824; baseline -0.001 -9"><span class='ocrx_word' id='word_1_320' title='bbox 1126 785 1251 816; x_wconf 83' lang='lat' dir='ltr'>Noster</span> <span class='ocrx_word' id='word_1_321' title='bbox 1268 784 1354 815; x_wconf 84' lang='lat' dir='ltr'>infra</span> <span class='ocrx_word' id='word_1_322' title='bbox 1370 795 1377 814; x_wconf 90' lang='lat'>:</span> <span class='ocrx_word' id='word_1_323' title='bbox 1404 784 1412 800; x_wconf 91' lang='lat'>‘</span> <span class='ocrx_word' id='word_1_324' title='bbox 1431 784 1598 824; x_wconf 84' lang='lat' dir='ltr'>Perpetui</span> <span class='ocrx_word' id='word_1_325' title='bbox 1615 782 1726 822; x_wconf 87' lang='lat' dir='ltr'>flores,</span> <span class='ocrx_word' id='word_1_326' title='bbox 1743 792 1824 824; x_wconf 85' lang='lat' dir='ltr'>quos</span> 
     </span>
     <span class='ocr_line' id='line_1_65' title="bbox 1125 832 1826 874; baseline -0.001 -10"><span class='ocrx_word' id='word_1_327' title='bbox 1125 843 1187 864; x_wconf 87' lang='lat' dir='ltr'>nec</span> <span class='ocrx_word' id='word_1_328' title='bbox 1206 838 1263 864; x_wconf 84' lang='lat' dir='ltr'>tua</span> <span class='ocrx_word' id='word_1_329' title='bbox 1279 834 1423 874; x_wconf 86' lang='lat' dir='ltr'>protulit</span> <span class='ocrx_word' id='word_1_330' title='bbox 1451 833 1573 864; x_wconf 88' lang='lat' dir='ltr'>Henna</span> <span class='ocrx_word' id='word_1_331' title='bbox 1586 833 1606 864; x_wconf 87' lang='lat'>:&#39;</span> <span class='ocrx_word' id='word_1_332' title='bbox 1645 837 1680 864; x_wconf 89' lang='lat' dir='ltr'>et</span> <span class='ocrx_word' id='word_1_333' title='bbox 1696 832 1752 863; x_wconf 91' lang='lat' dir='ltr'>lib.</span> <span class='ocrx_word' id='word_1_334' title='bbox 1770 841 1826 863; x_wconf 87' lang='lat'>111.</span> 
     </span>
     <span class='ocr_line' id='line_1_66' title="bbox 1123 883 1828 924; baseline -0.001 -9"><span class='ocrx_word' id='word_1_335' title='bbox 1123 884 1131 900; x_wconf 80' lang='lat'><em>⁴</em></span> <span class='ocrx_word' id='word_1_336' title='bbox 1147 895 1249 915; x_wconf 68' lang='lat' dir='ltr'>roseae</span> <span class='ocrx_word' id='word_1_337' title='bbox 1266 884 1477 915; x_wconf 84' lang='lat' dir='ltr'>convallibus</span> <span class='ocrx_word' id='word_1_338' title='bbox 1491 883 1646 924; x_wconf 72' lang='lat' dir='ltr'>chnae,&#39;</span> <span class='ocrx_word' id='word_1_339' title='bbox 1661 887 1698 914; x_wconf 85' lang='lat' dir='ltr'>ut</span> <span class='ocrx_word' id='word_1_340' title='bbox 1713 884 1828 924; x_wconf 82' lang='lat' dir='ltr'>legen·</span> 
     </span>
     <span class='ocr_line' id='line_1_67' title="bbox 1125 935 1509 976; baseline 0 -11"><span class='ocrx_word' id='word_1_341' title='bbox 1125 936 1202 966; x_wconf 81' lang='lat' dir='ltr'>duni</span> <span class='ocrx_word' id='word_1_342' title='bbox 1221 941 1313 976; x_wconf 85' lang='lat' dir='ltr'>puto.</span> <span class='ocrx_word' id='word_1_343' title='bbox 1340 936 1380 966; x_wconf 90' lang='lat' dir='ltr'>D.</span> <span class='ocrx_word' id='word_1_344' title='bbox 1398 935 1509 965; x_wconf 69' lang='lat' dir='ltr'>Heius.</span> 
     </span>
    </p>

    <p class='ocr_par' dir='ltr' id='par_1_14' title="bbox 1113 982 1827 2712">
     <span class='ocr_line' id='line_1_68' title="bbox 1165 982 1826 1023; baseline -0.003 -8"><span class='ocrx_word' id='word_1_345' title='bbox 1165 987 1206 1016; x_wconf 74' lang='grc'>7-1</span> <span class='ocrx_word' id='word_1_346' title='bbox 1229 985 1357 1015; x_wconf 66' lang='lat' dir='ltr'>Luscino</span> <span class='ocrx_word' id='word_1_347' title='bbox 1377 984 1491 1023; x_wconf 76' lang='lat' dir='ltr'>volatu]</span> <span class='ocrx_word' id='word_1_348' title='bbox 1516 983 1622 1014; x_wconf 83' lang='lat' dir='ltr'>Prim.</span> <span class='ocrx_word' id='word_1_349' title='bbox 1647 982 1762 1013; x_wconf 86' lang='lat' dir='ltr'>Vatic.</span> <span class='ocrx_word' id='word_1_350' title='bbox 1790 986 1826 1013; x_wconf 85' lang='lat' dir='ltr'>et</span> 
     </span>
     <span class='ocr_line' id='line_1_69' title="bbox 1125 1033 1827 1067; baseline -0.004 -1"><span class='ocrx_word' id='word_1_351' title='bbox 1125 1040 1193 1067; x_wconf 81' lang='lat' dir='ltr'>tres</span> <span class='ocrx_word' id='word_1_352' title='bbox 1212 1036 1268 1066; x_wconf 89' lang='lat' dir='ltr'>alii</span> <span class='ocrx_word' id='word_1_353' title='bbox 1285 1046 1359 1066; x_wconf 89' lang='lat' dir='ltr'>cum</span> <span class='ocrx_word' id='word_1_354' title='bbox 1375 1036 1518 1066; x_wconf 74' lang='lat' dir='ltr'>vetustis</span> <span class='ocrx_word' id='word_1_355' title='bbox 1531 1033 1734 1064; x_wconf 75' lang='lat' dir='ltr'>editionibus</span> <span class='ocrx_word' id='word_1_356' title='bbox 1748 1043 1827 1064; x_wconf 78' lang='lat' dir='ltr'>mea-</span> 
     </span>
     <span class='ocr_line' id='line_1_70' title="bbox 1123 1083 1825 1126; baseline -0.007 -10"><span class='ocrx_word' id='word_1_357' title='bbox 1123 1089 1174 1121; x_wconf 77' lang='lat' dir='ltr'>tu;</span> <span class='ocrx_word' id='word_1_358' title='bbox 1209 1087 1354 1126; x_wconf 87' lang='lat' dir='ltr'>optime:</span> <span class='ocrx_word' id='word_1_359' title='bbox 1395 1086 1533 1122; x_wconf 70' lang='lat' dir='ltr'>vulgata</span> <span class='ocrx_word' id='word_1_360' title='bbox 1563 1083 1666 1113; x_wconf 77' lang='lat' dir='ltr'>lectio</span> <span class='ocrx_word' id='word_1_361' title='bbox 1696 1091 1825 1112; x_wconf 89' lang='lat' dir='ltr'>merum</span> 
     </span>
     <span class='ocr_line' id='line_1_71' title="bbox 1124 1130 1826 1175; baseline -0.007 -10"><span class='ocrx_word' id='word_1_362' title='bbox 1124 1137 1288 1175; x_wconf 77' lang='lat' dir='ltr'>glossema</span> <span class='ocrx_word' id='word_1_363' title='bbox 1305 1139 1367 1165; x_wconf 79' lang='lat' dir='ltr'>est.</span> <span class='ocrx_word' id='word_1_364' title='bbox 1392 1135 1520 1165; x_wconf 80' lang='lat' dir='ltr'>Noster</span> <span class='ocrx_word' id='word_1_365' title='bbox 1534 1132 1658 1172; x_wconf 88' lang='lat' dir='ltr'>Idyllio</span> <span class='ocrx_word' id='word_1_366' title='bbox 1671 1130 1712 1161; x_wconf 84' lang='lat' dir='ltr'>de</span> <span class='ocrx_word' id='word_1_367' title='bbox 1728 1131 1826 1162; x_wconf 82' lang='lat' dir='ltr'>Phoe-</span> 
     </span>
     <span class='ocr_line' id='line_1_72' title="bbox 1123 1182 1826 1215; baseline -0.004 0"><span class='ocrx_word' id='word_1_368' title='bbox 1123 1185 1218 1215; x_wconf 82' lang='lat' dir='ltr'>nice:</span> <span class='ocrx_word' id='word_1_369' title='bbox 1256 1185 1264 1201; x_wconf 86' lang='lat'>‘</span> <span class='ocrx_word' id='word_1_370' title='bbox 1283 1184 1438 1214; x_wconf 87' lang='lat' dir='ltr'>Obnubit</span> <span class='ocrx_word' id='word_1_371' title='bbox 1460 1182 1552 1213; x_wconf 88' lang='lat' dir='ltr'>vario</span> <span class='ocrx_word' id='word_1_372' title='bbox 1578 1183 1646 1212; x_wconf 88' lang='lat' dir='ltr'>late</span> <span class='ocrx_word' id='word_1_373' title='bbox 1673 1190 1826 1212; x_wconf 85' lang='lat' dir='ltr'>convexa</span> 
     </span>
     <span class='ocr_line' id='line_1_73' title="bbox 1124 1231 1826 1263; baseline -0.003 0"><span class='ocrx_word' id='word_1_374' title='bbox 1124 1233 1260 1263; x_wconf 57' lang='lat' dir='ltr'>meatu?</span> <span class='ocrx_word' id='word_1_375' title='bbox 1298 1233 1423 1262; x_wconf 88' lang='lat' dir='ltr'>Lucan.</span> <span class='ocrx_word' id='word_1_376' title='bbox 1455 1240 1506 1262; x_wconf 75' lang='lat' dir='ltr'>ix.</span> <span class='ocrx_word' id='word_1_377' title='bbox 1541 1233 1549 1248; x_wconf 90' lang='lat'>‘</span> <span class='ocrx_word' id='word_1_378' title='bbox 1570 1231 1699 1262; x_wconf 84' lang='lat' dir='ltr'>Persea</span> <span class='ocrx_word' id='word_1_379' title='bbox 1727 1231 1826 1261; x_wconf 79' lang='lat' dir='ltr'>Phoe-</span> 
     </span>
     <span class='ocr_line' id='line_1_74' title="bbox 1124 1281 1827 1322; baseline 0 -10"><span class='ocrx_word' id='word_1_380' title='bbox 1124 1282 1206 1312; x_wconf 89' lang='lat' dir='ltr'>beos</span> <span class='ocrx_word' id='word_1_381' title='bbox 1223 1282 1377 1313; x_wconf 84' lang='lat' dir='ltr'>converti</span> <span class='ocrx_word' id='word_1_382' title='bbox 1397 1283 1498 1322; x_wconf 82' lang='lat' dir='ltr'>jussit</span> <span class='ocrx_word' id='word_1_383' title='bbox 1525 1281 1566 1312; x_wconf 89' lang='lat' dir='ltr'>ad</span> <span class='ocrx_word' id='word_1_384' title='bbox 1585 1286 1679 1312; x_wconf 85' lang='lat' dir='ltr'>ortus</span> <span class='ocrx_word' id='word_1_385' title='bbox 1696 1281 1827 1322; x_wconf 87' lang='lat' dir='ltr'>Gorgo-</span> 
     </span>
     <span class='ocr_line' id='line_1_75' title="bbox 1124 1331 1827 1370; baseline 0 -9"><span class='ocrx_word' id='word_1_386' title='bbox 1124 1341 1183 1362; x_wconf 84' lang='lat' dir='ltr'>nos</span> <span class='ocrx_word' id='word_1_387' title='bbox 1209 1340 1327 1362; x_wconf 83' lang='lat' dir='ltr'>averso</span> <span class='ocrx_word' id='word_1_388' title='bbox 1353 1333 1541 1363; x_wconf 83' lang='lat' dir='ltr'>sulcantem</span> <span class='ocrx_word' id='word_1_389' title='bbox 1566 1340 1669 1370; x_wconf 84' lang='lat' dir='ltr'>regna</span> <span class='ocrx_word' id='word_1_390' title='bbox 1690 1331 1827 1362; x_wconf 58' lang='lat' dir='ltr'>meatu!</span> 
     </span>
     <span class='ocr_line' id='line_1_76' title="bbox 1122 1380 1825 1420; baseline 0.001 -10"><span class='ocrx_word' id='word_1_391' title='bbox 1122 1381 1170 1411; x_wconf 89' lang='lat' dir='ltr'>sic</span> <span class='ocrx_word' id='word_1_392' title='bbox 1199 1391 1276 1412; x_wconf 88' lang='lat' dir='ltr'>vere</span> <span class='ocrx_word' id='word_1_393' title='bbox 1305 1386 1400 1412; x_wconf 84' lang='lat' dir='ltr'>vetus</span> <span class='ocrx_word' id='word_1_394' title='bbox 1426 1382 1522 1412; x_wconf 85' lang='lat' dir='ltr'>liber.</span> <span class='ocrx_word' id='word_1_395' title='bbox 1560 1381 1701 1420; x_wconf 80' lang='lat' dir='ltr'>Statius,</span> <span class='ocrx_word' id='word_1_396' title='bbox 1716 1380 1825 1412; x_wconf 88' lang='lat' dir='ltr'>Theb.</span> 
     </span>
     <span class='ocr_line' id='line_1_77' title="bbox 1122 1431 1825 1471; baseline 0.001 -11"><span class='ocrx_word' id='word_1_397' title='bbox 1122 1440 1176 1461; x_wconf 87' lang='lat'>111.</span> <span class='ocrx_word' id='word_1_398' title='bbox 1193 1432 1202 1447; x_wconf 89' lang='lat'>‘</span> <span class='ocrx_word' id='word_1_399' title='bbox 1216 1431 1418 1471; x_wconf 63' lang='lat' dir='ltr'>Amphiarae</span> <span class='ocrx_word' id='word_1_400' title='bbox 1435 1432 1540 1469; x_wconf 84' lang='lat' dir='ltr'>vides,</span> <span class='ocrx_word' id='word_1_401' title='bbox 1554 1441 1669 1462; x_wconf 89' lang='lat' dir='ltr'>cursus</span> <span class='ocrx_word' id='word_1_402' title='bbox 1684 1435 1720 1462; x_wconf 88' lang='lat' dir='ltr'>ut</span> <span class='ocrx_word' id='word_1_403' title='bbox 1734 1431 1825 1461; x_wconf 89' lang='lat' dir='ltr'>nulla</span> 
     </span>
     <span class='ocr_line' id='line_1_78' title="bbox 1123 1480 1824 1521; baseline 0 -11"><span class='ocrx_word' id='word_1_404' title='bbox 1123 1490 1258 1510; x_wconf 87' lang='lat' dir='ltr'>serenos</span> <span class='ocrx_word' id='word_1_405' title='bbox 1276 1481 1357 1511; x_wconf 77' lang='lat' dir='ltr'>Ales</span> <span class='ocrx_word' id='word_1_406' title='bbox 1374 1485 1465 1520; x_wconf 82' lang='lat' dir='ltr'>agat,</span> <span class='ocrx_word' id='word_1_407' title='bbox 1490 1480 1684 1521; x_wconf 79' lang='lat' dir='ltr'>liquidoque</span> <span class='ocrx_word' id='word_1_408' title='bbox 1709 1480 1824 1520; x_wconf 85' lang='lat' dir='ltr'>polum</span> 
     </span>
     <span class='ocr_line' id='line_1_79' title="bbox 1123 1530 1824 1569; baseline 0.003 -10"><span class='ocrx_word' id='word_1_409' title='bbox 1123 1530 1301 1569; x_wconf 82' lang='lat' dir='ltr'>complexa</span> <span class='ocrx_word' id='word_1_410' title='bbox 1315 1535 1428 1561; x_wconf 86' lang='lat' dir='ltr'>meatu</span> <span class='ocrx_word' id='word_1_411' title='bbox 1440 1530 1596 1560; x_wconf 78' lang='lat' dir='ltr'>Pendeat</span> <span class='ocrx_word' id='word_1_412' title='bbox 1608 1530 1629 1559; x_wconf 85' lang='lat'>?’</span> <span class='ocrx_word' id='word_1_413' title='bbox 1656 1530 1749 1560; x_wconf 88' lang='lat' dir='ltr'>Idem</span> <span class='ocrx_word' id='word_1_414' title='bbox 1766 1530 1824 1561; x_wconf 91' lang='lat' dir='ltr'>lib.</span> 
     </span>
     <span class='ocr_line' id='line_1_80' title="bbox 1122 1580 1827 1611; baseline 0.003 -2"><span class='ocrx_word' id='word_1_415' title='bbox 1122 1588 1163 1610; x_wconf 88' lang='grc' dir='ltr'>ιι.</span> <span class='ocrx_word' id='word_1_416' title='bbox 1181 1580 1223 1609; x_wconf 90' lang='lat' dir='ltr'>de</span> <span class='ocrx_word' id='word_1_417' title='bbox 1241 1580 1412 1611; x_wconf 83' lang='lat' dir='ltr'>Mercurio</span> <span class='ocrx_word' id='word_1_418' title='bbox 1439 1581 1596 1611; x_wconf 88' lang='lat' dir='ltr'>volante:</span> <span class='ocrx_word' id='word_1_419' title='bbox 1621 1581 1630 1597; x_wconf 85' lang='lat'>‘</span> <span class='ocrx_word' id='word_1_420' title='bbox 1649 1580 1743 1610; x_wconf 79' lang='lat' dir='ltr'>Arva</span> <span class='ocrx_word' id='word_1_421' title='bbox 1771 1590 1827 1611; x_wconf 82' lang='lat' dir='ltr'>su-</span> 
     </span>
     <span class='ocr_line' id='line_1_81' title="bbox 1122 1629 1825 1670; baseline 0.006 -12"><span class='ocrx_word' id='word_1_422' title='bbox 1122 1639 1184 1669; x_wconf 88' lang='lat' dir='ltr'>per</span> <span class='ocrx_word' id='word_1_423' title='bbox 1201 1631 1410 1670; x_wconf 89' lang='lat' dir='ltr'>populosque</span> <span class='ocrx_word' id='word_1_424' title='bbox 1426 1629 1542 1660; x_wconf 85' lang='lat' dir='ltr'>meat.&#39;</span> <span class='ocrx_word' id='word_1_425' title='bbox 1587 1630 1698 1669; x_wconf 84' lang='lat' dir='ltr'>Silius,</span> <span class='ocrx_word' id='word_1_426' title='bbox 1720 1630 1741 1662; x_wconf 92' lang='lat' dir='ltr'>l.</span> <span class='ocrx_word' id='word_1_427' title='bbox 1758 1639 1825 1663; x_wconf 79' lang='grc' dir='ltr'>ΧΗ.</span> 
     </span>
     <span class='ocr_line' id='line_1_82' title="bbox 1122 1678 1823 1721; baseline 0.006 -13"><span class='ocrx_word' id='word_1_428' title='bbox 1122 1678 1163 1709; x_wconf 89' lang='lat' dir='ltr'>de</span> <span class='ocrx_word' id='word_1_429' title='bbox 1182 1680 1344 1710; x_wconf 69' lang='lat' dir='ltr'>Daedalo:</span> <span class='ocrx_word' id='word_1_430' title='bbox 1370 1680 1378 1696; x_wconf 93' lang='lat'><em>‘</em></span> <span class='ocrx_word' id='word_1_431' title='bbox 1397 1680 1465 1711; x_wconf 88' lang='lat' dir='ltr'>Hic</span> <span class='ocrx_word' id='word_1_432' title='bbox 1483 1689 1543 1720; x_wconf 87' lang='lat' dir='ltr'>pro</span> <span class='ocrx_word' id='word_1_433' title='bbox 1561 1680 1730 1721; x_wconf 84' lang='lat' dir='ltr'>nubivago</span> <span class='ocrx_word' id='word_1_434' title='bbox 1747 1690 1823 1721; x_wconf 82' lang='lat' dir='ltr'>gra-</span> 
     </span>
     <span class='ocr_line' id='line_1_83' title="bbox 1121 1729 1823 1769; baseline 0.003 -10"><span class='ocrx_word' id='word_1_435' title='bbox 1121 1732 1174 1759; x_wconf 86' lang='lat' dir='ltr'>tus</span> <span class='ocrx_word' id='word_1_436' title='bbox 1192 1729 1247 1768; x_wconf 87' lang='lat' dir='ltr'>pia</span> <span class='ocrx_word' id='word_1_437' title='bbox 1264 1730 1392 1769; x_wconf 88' lang='lat' dir='ltr'>templa</span> <span class='ocrx_word' id='word_1_438' title='bbox 1416 1736 1529 1760; x_wconf 86' lang='lat' dir='ltr'>meatu</span> <span class='ocrx_word' id='word_1_439' title='bbox 1554 1730 1709 1761; x_wconf 86' lang='lat' dir='ltr'>Instituit</span> <span class='ocrx_word' id='word_1_440' title='bbox 1724 1730 1823 1761; x_wconf 84' lang='lat' dir='ltr'>Phoe-</span> 
     </span>
     <span class='ocr_line' id='line_1_84' title="bbox 1121 1780 1824 1820; baseline 0.004 -11"><span class='ocrx_word' id='word_1_441' title='bbox 1121 1780 1176 1815; x_wconf 89' lang='lat' dir='ltr'>bo,</span> <span class='ocrx_word' id='word_1_442' title='bbox 1193 1785 1295 1820; x_wconf 79' lang='lat' dir='ltr'>atque</span> <span class='ocrx_word' id='word_1_443' title='bbox 1310 1781 1456 1810; x_wconf 86' lang='lat' dir='ltr'>audaces</span> <span class='ocrx_word' id='word_1_444' title='bbox 1482 1780 1596 1811; x_wconf 88' lang='lat' dir='ltr'>exsuit</span> <span class='ocrx_word' id='word_1_445' title='bbox 1618 1780 1710 1811; x_wconf 87' lang='lat' dir='ltr'>alas.&#39;</span> <span class='ocrx_word' id='word_1_446' title='bbox 1749 1781 1824 1812; x_wconf 86' lang='lat' dir='ltr'>Ma·</span> 
     </span>
     <span class='ocr_line' id='line_1_85' title="bbox 1121 1829 1824 1869; baseline 0.003 -10"><span class='ocrx_word' id='word_1_447' title='bbox 1121 1829 1232 1869; x_wconf 76' lang='lat' dir='ltr'>uilius,</span> <span class='ocrx_word' id='word_1_448' title='bbox 1247 1829 1301 1859; x_wconf 87' lang='lat' dir='ltr'>lib.</span> <span class='ocrx_word' id='word_1_449' title='bbox 1321 1839 1352 1860; x_wconf 79' lang='lat' dir='ltr'>v.</span> <span class='ocrx_word' id='word_1_450' title='bbox 1377 1832 1385 1846; x_wconf 93' lang='lat'>‘</span> <span class='ocrx_word' id='word_1_451' title='bbox 1404 1831 1448 1860; x_wconf 85' lang='lat' dir='ltr'>Et</span> <span class='ocrx_word' id='word_1_452' title='bbox 1466 1830 1592 1861; x_wconf 83' lang='lat' dir='ltr'>medios</span> <span class='ocrx_word' id='word_1_453' title='bbox 1619 1829 1709 1861; x_wconf 85' lang='lat' dir='ltr'>inter</span> <span class='ocrx_word' id='word_1_454' title='bbox 1732 1831 1824 1861; x_wconf 89' lang='lat' dir='ltr'>volu·</span> 
     </span>
     <span class='ocr_line' id='line_1_86' title="bbox 1121 1879 1820 1919; baseline 0.004 -11"><span class='ocrx_word' id='word_1_455' title='bbox 1121 1888 1212 1909; x_wconf 88' lang='lat' dir='ltr'>crem</span> <span class='ocrx_word' id='word_1_456' title='bbox 1240 1889 1397 1919; x_wconf 82' lang='lat' dir='ltr'>prensare</span> <span class='ocrx_word' id='word_1_457' title='bbox 1429 1879 1584 1910; x_wconf 86' lang='lat' dir='ltr'>meatus.&#39;</span> <span class='ocrx_word' id='word_1_458' title='bbox 1612 1879 1755 1919; x_wconf 78' lang='lat' dir='ltr'>Plinius,</span> <span class='ocrx_word' id='word_1_459' title='bbox 1783 1888 1820 1911; x_wconf 84' lang='lat' dir='ltr'>x.</span> 
     </span>
     <span class='ocr_line' id='line_1_87' title="bbox 1120 1928 1821 1961; baseline 0.003 -2"><span class='ocrx_word' id='word_1_460' title='bbox 1120 1933 1170 1960; x_wconf 67' lang='grc'>38.</span> <span class='ocrx_word' id='word_1_461' title='bbox 1195 1931 1203 1946; x_wconf 89' lang='lat'>‘</span> <span class='ocrx_word' id='word_1_462' title='bbox 1221 1940 1297 1960; x_wconf 78' lang='lat' dir='ltr'>aves</span> <span class='ocrx_word' id='word_1_463' title='bbox 1315 1930 1406 1961; x_wconf 77' lang='lat' dir='ltr'>vario</span> <span class='ocrx_word' id='word_1_464' title='bbox 1427 1937 1539 1960; x_wconf 75' lang='lat' dir='ltr'>meatu</span> <span class='ocrx_word' id='word_1_465' title='bbox 1564 1928 1721 1960; x_wconf 79' lang='lat' dir='ltr'>feruntur</span> <span class='ocrx_word' id='word_1_466' title='bbox 1737 1930 1821 1961; x_wconf 88' lang='lat' dir='ltr'>etin</span> 
     </span>
     <span class='ocr_line' id='line_1_88' title="bbox 1120 1979 1820 2020; baseline 0.001 -11"><span class='ocrx_word' id='word_1_467' title='bbox 1120 1979 1197 2009; x_wconf 73' lang='lat' dir='ltr'>a&#39;ere</span> <span class='ocrx_word' id='word_1_468' title='bbox 1215 1985 1247 2010; x_wconf 89' lang='lat' dir='ltr'>et</span> <span class='ocrx_word' id='word_1_469' title='bbox 1265 1980 1296 2010; x_wconf 89' lang='lat' dir='ltr'>in</span> <span class='ocrx_word' id='word_1_470' title='bbox 1315 1982 1427 2010; x_wconf 82' lang='lat' dir='ltr'>terra.&#39;</span> <span class='ocrx_word' id='word_1_471' title='bbox 1458 1979 1665 2010; x_wconf 85' lang='lat' dir='ltr'>Prudentius</span> <span class='ocrx_word' id='word_1_472' title='bbox 1682 1979 1820 2020; x_wconf 87' lang='lat' dir='ltr'>Hymno</span> 
     </span>
     <span class='ocr_line' id='line_1_89' title="bbox 1118 2029 1821 2069; baseline 0.001 -9"><span class='ocrx_word' id='word_1_473' title='bbox 1118 2030 1151 2060; x_wconf 92' lang='lat' dir='ltr'>in</span> <span class='ocrx_word' id='word_1_474' title='bbox 1178 2031 1363 2061; x_wconf 83' lang='lat' dir='ltr'>Eulalium:</span> <span class='ocrx_word' id='word_1_475' title='bbox 1392 2032 1400 2047; x_wconf 91' lang='lat'>‘</span> <span class='ocrx_word' id='word_1_476' title='bbox 1418 2029 1501 2060; x_wconf 86' lang='lat' dir='ltr'>vidit</span> <span class='ocrx_word' id='word_1_477' title='bbox 1528 2033 1564 2060; x_wconf 88' lang='lat' dir='ltr'>et</span> <span class='ocrx_word' id='word_1_478' title='bbox 1587 2029 1659 2069; x_wconf 85' lang='lat' dir='ltr'>ipse</span> <span class='ocrx_word' id='word_1_479' title='bbox 1683 2029 1821 2061; x_wconf 86' lang='lat' dir='ltr'>satelles</span> 
     </span>
     <span class='ocr_line' id='line_1_90' title="bbox 1119 2078 1820 2119; baseline 0 -8"><span class='ocrx_word' id='word_1_480' title='bbox 1119 2091 1213 2111; x_wconf 85' lang='lat' dir='ltr'>avem</span> <span class='ocrx_word' id='word_1_481' title='bbox 1240 2081 1398 2111; x_wconf 71' lang='lat' dir='ltr'>Famninae</span> <span class='ocrx_word' id='word_1_482' title='bbox 1415 2081 1457 2111; x_wconf 88' lang='lat' dir='ltr'>ab</span> <span class='ocrx_word' id='word_1_483' title='bbox 1475 2090 1531 2111; x_wconf 90' lang='lat' dir='ltr'>ore</span> <span class='ocrx_word' id='word_1_484' title='bbox 1547 2089 1660 2110; x_wconf 87' lang='lat' dir='ltr'>meare</span> <span class='ocrx_word' id='word_1_485' title='bbox 1685 2078 1820 2119; x_wconf 51' lang='lat' dir='ltr'>palamst</span> 
     </span>
     <span class='ocr_line' id='line_1_91' title="bbox 1118 2128 1820 2170; baseline -0.001 -10"><span class='ocrx_word' id='word_1_486' title='bbox 1118 2131 1312 2161; x_wconf 82' lang='lat' dir='ltr'>Marcianus</span> <span class='ocrx_word' id='word_1_487' title='bbox 1340 2131 1493 2170; x_wconf 84' lang='lat' dir='ltr'>Capella,</span> <span class='ocrx_word' id='word_1_488' title='bbox 1519 2130 1538 2160; x_wconf 94' lang='lat' dir='ltr'>l.</span> <span class='ocrx_word' id='word_1_489' title='bbox 1558 2139 1579 2161; x_wconf 87' lang='grc' dir='ltr'>ι.</span> <span class='ocrx_word' id='word_1_490' title='bbox 1604 2132 1611 2146; x_wconf 95' lang='lat'>‘</span> <span class='ocrx_word' id='word_1_491' title='bbox 1626 2129 1695 2159; x_wconf 86' lang='lat' dir='ltr'>Per</span> <span class='ocrx_word' id='word_1_492' title='bbox 1711 2128 1820 2160; x_wconf 72' lang='lat' dir='ltr'>aerios</span> 
     </span>
     <span class='ocr_line' id='line_1_92' title="bbox 1117 2179 1819 2221; baseline -0.004 -8"><span class='ocrx_word' id='word_1_493' title='bbox 1117 2183 1219 2213; x_wconf 86' lang='lat' dir='ltr'>ctiam</span> <span class='ocrx_word' id='word_1_494' title='bbox 1245 2186 1386 2219; x_wconf 78' lang='lat' dir='ltr'>tractus,</span> <span class='ocrx_word' id='word_1_495' title='bbox 1401 2181 1520 2221; x_wconf 85' lang='lat' dir='ltr'>quibus</span> <span class='ocrx_word' id='word_1_496' title='bbox 1537 2179 1683 2209; x_wconf 79' lang='lat' dir='ltr'>formare</span> <span class='ocrx_word' id='word_1_497' title='bbox 1700 2180 1819 2210; x_wconf 87' lang='lat' dir='ltr'>solitus</span> 
     </span>
     <span class='ocr_line' id='line_1_93' title="bbox 1117 2230 1820 2265; baseline -0.003 -4"><span class='ocrx_word' id='word_1_498' title='bbox 1117 2236 1151 2261; x_wconf 85' lang='lat' dir='ltr'>et</span> <span class='ocrx_word' id='word_1_499' title='bbox 1167 2231 1341 2261; x_wconf 87' lang='lat' dir='ltr'>volucrum</span> <span class='ocrx_word' id='word_1_500' title='bbox 1358 2230 1509 2260; x_wconf 71' lang='lat' dir='ltr'>diversos</span> <span class='ocrx_word' id='word_1_501' title='bbox 1526 2234 1668 2265; x_wconf 82' lang='lat' dir='ltr'>meatus,</span> <span class='ocrx_word' id='word_1_502' title='bbox 1685 2234 1719 2259; x_wconf 80' lang='lat' dir='ltr'>et</span> <span class='ocrx_word' id='word_1_503' title='bbox 1735 2230 1820 2259; x_wconf 86' lang='lat' dir='ltr'>osci-</span> 
     </span>
     <span class='ocr_line' id='line_1_94' title="bbox 1117 2277 1818 2318; baseline -0.003 -8"><span class='ocrx_word' id='word_1_504' title='bbox 1117 2290 1193 2311; x_wconf 89' lang='lat' dir='ltr'>num</span> <span class='ocrx_word' id='word_1_505' title='bbox 1213 2281 1353 2318; x_wconf 71' lang='lat' dir='ltr'>linguas,</span> <span class='ocrx_word' id='word_1_506' title='bbox 1369 2284 1403 2309; x_wconf 91' lang='lat' dir='ltr'>ct</span> <span class='ocrx_word' id='word_1_507' title='bbox 1429 2278 1592 2318; x_wconf 64' lang='lat' dir='ltr'>prarpetis</span> <span class='ocrx_word' id='word_1_508' title='bbox 1611 2277 1722 2307; x_wconf 87' lang='lat' dir='ltr'>omina</span> <span class='ocrx_word' id='word_1_509' title='bbox 1738 2288 1818 2318; x_wconf 86' lang='lat' dir='ltr'>peu-</span> 
     </span>
     <span class='ocr_line' id='line_1_95' title="bbox 1117 2327 1821 2367; baseline -0.001 -8"><span class='ocrx_word' id='word_1_510' title='bbox 1117 2339 1182 2367; x_wconf 71' lang='lat' dir='ltr'>nae,</span> <span class='ocrx_word' id='word_1_511' title='bbox 1196 2328 1321 2359; x_wconf 75' lang='lat' dir='ltr'>frustra</span> <span class='ocrx_word' id='word_1_512' title='bbox 1336 2329 1568 2366; x_wconf 66' lang='lat' dir='ltr'>incassumque</span> <span class='ocrx_word' id='word_1_513' title='bbox 1592 2327 1821 2367; x_wconf 72' lang='lat' dir='ltr'>disquiritnrz&#39;</span> 
     </span>
     <span class='ocr_line' id='line_1_96' title="bbox 1116 2378 1816 2418; baseline -0.003 -8"><span class='ocrx_word' id='word_1_514' title='bbox 1116 2384 1151 2410; x_wconf 85' lang='lat' dir='ltr'>et</span> <span class='ocrx_word' id='word_1_515' title='bbox 1169 2379 1225 2409; x_wconf 89' lang='lat' dir='ltr'>lib.</span> <span class='ocrx_word' id='word_1_516' title='bbox 1244 2388 1282 2409; x_wconf 88' lang='lat'>11.</span> <span class='ocrx_word' id='word_1_517' title='bbox 1307 2379 1315 2394; x_wconf 90' lang='lat'>‘</span> <span class='ocrx_word' id='word_1_518' title='bbox 1335 2378 1428 2418; x_wconf 78' lang='lat' dir='ltr'>Ejus,</span> <span class='ocrx_word' id='word_1_519' title='bbox 1454 2383 1588 2407; x_wconf 74' lang='lat' dir='ltr'>meante</span> <span class='ocrx_word' id='word_1_520' title='bbox 1615 2387 1726 2416; x_wconf 78' lang='lat' dir='ltr'>penna</span> <span class='ocrx_word' id='word_1_521' title='bbox 1748 2378 1816 2410; x_wconf 82' lang='lat' dir='ltr'>Qui</span> 
     </span>
     <span class='ocr_line' id='line_1_97' title="bbox 1117 2427 1817 2467; baseline -0.001 -8"><span class='ocrx_word' id='word_1_522' title='bbox 1117 2429 1205 2459; x_wconf 87' lang='lat' dir='ltr'>solus</span> <span class='ocrx_word' id='word_1_523' title='bbox 1222 2433 1313 2459; x_wconf 87' lang='lat' dir='ltr'>astra</span> <span class='ocrx_word' id='word_1_524' title='bbox 1329 2427 1441 2458; x_wconf 90' lang='lat' dir='ltr'>mundi</span> <span class='ocrx_word' id='word_1_525' title='bbox 1462 2427 1712 2457; x_wconf 72' lang='lat' dir='ltr'>Praetervolans</span> <span class='ocrx_word' id='word_1_526' title='bbox 1742 2437 1817 2467; x_wconf 86' lang='lat' dir='ltr'>per-</span> 
     </span>
     <span class='ocr_line' id='line_1_98' title="bbox 1116 2477 1819 2518; baseline -0.001 -9"><span class='ocrx_word' id='word_1_527' title='bbox 1116 2478 1218 2518; x_wconf 77' lang='lat' dir='ltr'>egitz’</span> <span class='ocrx_word' id='word_1_528' title='bbox 1242 2484 1276 2509; x_wconf 89' lang='lat' dir='ltr'>et</span> <span class='ocrx_word' id='word_1_529' title='bbox 1303 2489 1400 2509; x_wconf 72' lang='lat' dir='ltr'>mox:</span> <span class='ocrx_word' id='word_1_530' title='bbox 1426 2480 1434 2494; x_wconf 83' lang='lat'>‘</span> <span class='ocrx_word' id='word_1_531' title='bbox 1450 2478 1527 2508; x_wconf 77' lang='lat' dir='ltr'>Non</span> <span class='ocrx_word' id='word_1_532' title='bbox 1552 2478 1639 2507; x_wconf 89' lang='lat' dir='ltr'>enim</span> <span class='ocrx_word' id='word_1_533' title='bbox 1656 2478 1697 2507; x_wconf 91' lang='lat' dir='ltr'>de</span> <span class='ocrx_word' id='word_1_534' title='bbox 1715 2477 1819 2508; x_wconf 88' lang='lat' dir='ltr'>bumi-</span> 
     </span>
     <span class='ocr_line' id='line_1_99' title="bbox 1116 2528 1818 2569; baseline 0 -11"><span class='ocrx_word' id='word_1_535' title='bbox 1116 2529 1212 2559; x_wconf 85' lang='lat' dir='ltr'>litate</span> <span class='ocrx_word' id='word_1_536' title='bbox 1239 2529 1324 2559; x_wconf 69' lang='lat' dir='ltr'>aiiris</span> <span class='ocrx_word' id='word_1_537' title='bbox 1353 2529 1440 2559; x_wconf 85' lang='lat' dir='ltr'>illius</span> <span class='ocrx_word' id='word_1_538' title='bbox 1459 2538 1574 2569; x_wconf 64' lang='lat' dir='ltr'>quaero</span> <span class='ocrx_word' id='word_1_539' title='bbox 1593 2529 1647 2568; x_wconf 84' lang='lat' dir='ltr'>qui</span> <span class='ocrx_word' id='word_1_540' title='bbox 1673 2528 1818 2559; x_wconf 80' lang='lat' dir='ltr'>volucri-</span> 
     </span>
     <span class='ocr_line' id='line_1_100' title="bbox 1115 2578 1816 2620; baseline -0.004 -10"><span class='ocrx_word' id='word_1_541' title='bbox 1115 2580 1176 2610; x_wconf 87' lang='lat' dir='ltr'>bus</span> <span class='ocrx_word' id='word_1_542' title='bbox 1207 2578 1424 2620; x_wconf 80' lang='lat' dir='ltr'>permeatur.&#39;</span> <span class='ocrx_word' id='word_1_543' title='bbox 1479 2579 1672 2619; x_wconf 73' lang='lat' dir='ltr'>Symposius</span> <span class='ocrx_word' id='word_1_544' title='bbox 1702 2578 1816 2618; x_wconf 74' lang='lat' dir='ltr'>AEnig-</span> 
     </span>
     <span class='ocr_line' id='line_1_101' title="bbox 1114 2628 1817 2670; baseline -0.003 -10"><span class='ocrx_word' id='word_1_545' title='bbox 1114 2636 1204 2661; x_wconf 83' lang='lat' dir='ltr'>mate</span> <span class='ocrx_word' id='word_1_546' title='bbox 1221 2639 1276 2661; x_wconf 73' lang='lat' dir='ltr'>Lx.</span> <span class='ocrx_word' id='word_1_547' title='bbox 1293 2630 1333 2660; x_wconf 81' lang='lat' dir='ltr'>de</span> <span class='ocrx_word' id='word_1_548' title='bbox 1350 2629 1501 2670; x_wconf 80' lang='lat' dir='ltr'>Sagitta:</span> <span class='ocrx_word' id='word_1_549' title='bbox 1537 2629 1546 2645; x_wconf 87' lang='lat'>‘</span> <span class='ocrx_word' id='word_1_550' title='bbox 1565 2628 1657 2659; x_wconf 59' lang='lat' dir='ltr'>Aizi-a</span> <span class='ocrx_word' id='word_1_551' title='bbox 1674 2637 1732 2669; x_wconf 84' lang='lat' dir='ltr'>per</span> <span class='ocrx_word' id='word_1_552' title='bbox 1749 2636 1817 2658; x_wconf 89' lang='lat' dir='ltr'>me-</span> 
     </span>
     <span class='ocr_line' id='line_1_102' title="bbox 1113 2678 1813 2712; baseline -0.004 0"><span class='ocrx_word' id='word_1_553' title='bbox 1113 2681 1204 2712; x_wconf 84' lang='lat' dir='ltr'>dium</span> <span class='ocrx_word' id='word_1_554' title='bbox 1221 2681 1350 2712; x_wconf 86' lang='lat' dir='ltr'>volucri</span> <span class='ocrx_word' id='word_1_555' title='bbox 1366 2680 1535 2712; x_wconf 80' lang='lat' dir='ltr'>contendo</span> <span class='ocrx_word' id='word_1_556' title='bbox 1551 2678 1690 2711; x_wconf 84' lang='lat' dir='ltr'>meatu.&#39;</span> <span class='ocrx_word' id='word_1_557' title='bbox 1727 2678 1813 2710; x_wconf 81' lang='lat' dir='ltr'>Haec</span> 
     </span>
    </p>
   </div>
  </div>
 </body>
</html>
