1859 3148
318 117 430 158 1640
503 126 644 156 ΝΟΜ
678 122 941 154 vAizionuM
977 121 1027 153 IN
1061 122 1136 151 ct..
1169 122 1353 152 cnam).
1387 122 1579 152 xxxin.

317 219 446 261 pudore
472 219 666 250 hortaretur
693 218 734 249 ad
762 215 921 247 effectum
944 216 1018 256 ejus

317 269 353 299 iu
379 269 636 308 opportunitate
664 268 746 297 alius
779 265 907 295 alium?
938 265 1019 296 Om-

317 319 396 349 nino
423 318 471 348 ita
504 317 716 347 scribendum
752 319 787 345 et
822 315 885 345 hoc
921 315 1016 346 loco:

320 369 400 400 Rem
416 368 526 408 peragi
549 371 678 407 tempus.
713 366 767 396 Sic
792 365 882 404 apud
906 366 1018 396 Maro-

318 428 407 456 nem,
435 419 489 448 lib.
520 426 551 447 v.
580 415 761 446 AEneidos:
792 416 800 432 ‘
819 424 908 446 nunc
935 419 1018 446 tem-

319 479 382 510 pus
396 469 449 508 agi
467 467 543 498 res.y
577 467 678 496 Idem.

362 520 439 549 Rem
462 516 584 557 peragit
610 515 743 555 tempus]
769 515 874 547 Aldus
894 521 929 547 et
945 517 1019 547 Μο-

319 568 384 599 reti
408 567 513 598 codex
540 565 663 605 peragi,
689 570 726 596 ut
752 566 912 596 Barthius
941 576 1018 597 con-

311 619 454 658 jecerat.
496 615 591 644 Bello
624 614 716 645 Gild.
746 616 754 630 ‘
773 615 934 654 promissa
960 615 1020 644 mi-

318 675 445 706 nasque
470 665 621 704 'rompus
645 664 723 704 agi!
761 665 856 703 Virg.
883 665 957 695 AEn.
987 673 1018 694 v.

317 719 325 734 ‘
345 725 432 746 nune
451 720 581 754 tempus
597 714 650 754 agi
665 716 739 744 res.’
762 713 1019 752 Statius‚Theb.

319 777 352 797 v.
369 767 377 783 ‘
397 766 475 796 dum
490 770 625 804 tempus
642 764 692 803 agi
708 773 775 794 rem
791 763 810 794 :’
836 768 872 793 ut
885 763 1019 803 quidem

316 818 380 848 illis
404 817 486 847 locis
518 816 652 847 videtur
683 815 929 856 corrigendum.
975 815 1020 846 D.

321 868 432 898 Heius.

360 921 424 948 219
455 918 588 948 Illudere
624 916 755 956 campis]
813 915 947 946 Ludere
986 914 1019 944 in

319 968 460 1009 campis,
477 969 662 1008 eleganter.
697 968 813 998 Barth.

361 1021 423 1049 220
449 1018 594 1047 Crastina
618 1018 774 1057 puniceos]
810 1017 896 1047 Toto
924 1025 1020 1046 versu

321 1068 503 1098 crastinum
521 1067 639 1097 edixit.

363 1120 425 1147 222
451 1118 514 1146 Cur
530 1116 640 1146 ultima
657 1126 750 1155 regna
772 1116 946 1156 quiescunt]
970 1116 1021 1145 Ex

322 1166 438 1197 Ovidii
464 1165 589 1203 verbis,
607 1166 662 1196 ubi
687 1167 801 1195 Venus
820 1166 1021 1205 Cupidinem

321 1214 456 1252 affatur,
470 1215 699 1253 Metamorph.
714 1223 746 1244 v.
763 1216 771 1231 ‘
785 1215 928 1244 Tartara
942 1213 1022 1253 quid

320 1264 478 1294 cessant?
513 1273 573 1293 cur
601 1273 664 1293 non
690 1264 887 1302 matrisque,
914 1270 1023 1292 tunin-

322 1323 385 1354 que
404 1313 589 1351 Imperium
607 1311 737 1351 profers
750 1312 772 1341 ?'
807 1313 921 1342 Barth.

361 1365 421 1392 223
442 1360 640 1400 Nullamque]
661 1361 840 1391 Neminem
855 1371 920 1391 non
938 1371 1022 1391 mor-

323 1412 439 1442 talium
458 1410 635 1450 subjacere
652 1420 758 1450 regno
778 1411 921 1442 Veneris
936 1411 1023 1442 arbi-

320 1459 500 1490 trabantur
518 1464 663 1489 veteres.
697 1460 792 1490 Idem.

361 1513 424 1540 224
462 1509 574 1539 Pectus
606 1509 806 1547 inaccessam]
839 1509 912 1539 Imo
941 1509 1023 1539 inac-

318 1569 440 1591 censum
453 1569 527 1589 cum
554 1558 773 1588 melioribus:
800 1559 887 1589 male
908 1560 1022 1598 vulga-

320 1617 392 1642 tum
419 1613 533 1640 tuetur
557 1609 742 1639 ClaveriuS.
788 1607 891 1648 Apud
908 1609 1022 1639 Silium

321 1660 406 1690 bene
423 1659 524 1689 etiam
543 1657 601 1687 lib.
621 1667 645 1688 1.
663 1664 796 1688 veteres
811 1658 897 1696 libri,
911 1660 919 1674 ⁶
934 1659 1024 1688 inac-

319 1709 411 1740 censi
441 1707 586 1748 flagrant
613 1707 774 1738 altaribus
809 1707 929 1747 ignes.'
978 1707 1023 1739 D.

323 1758 435 1789 Heins.

360 1812 420 1840 225
448 1808 593 1848 Ditisque
616 1808 728 1849 sei-eri]
751 1809 796 1839 Et
820 1809 907 1839 hunc
934 1809 1022 1839 enim

319 1859 448 1890 domuit
467 1868 569 1889 amor.
606 1858 721 1889 Barth.

362 1911 425 1939 226
451 1908 648 1947 Mollescant]
674 1909 887 1948 Frangantur
914 1909 945 1939 in
967 1908 1023 1940 de-

319 1959 413 1989 licias
441 1963 476 1989 et
501 1968 553 1988 res
580 1958 725 1989 Amoris.
765 1958 910 1998 Glossae,
926 1960 1024 1990 mollis

318 2008 469 2048 μαλακὸς,
481 2007 609 2039 ἁπαλός.
638 2008 728 2038 Hinc
745 2010 916 2039 mollescere
932 2008 1023 2040 effoe·

318 2059 449 2089 minari.
490 2059 534 2089 Et
562 2059 675 2098 molles,
697 2058 754 2099 qui
779 2058 909 2089 deliciis
935 2059 1021 2089 iuse-

322 2108 420 2148 pulti.
462 2107 554 2138 Idem.

362 2159 423 2187 227
446 2158 598 2196 Jussaque
622 2156 774 2196 parentis]
816 2158 893 2188 Non
923 2158 1022 2189 aliter

320 2207 487 2238 Venerem
519 2207 728 2238 comitaturae
761 2207 921 2246 virgines.
978 2209 1022 2239 Et

319 2258 378 2289 has
405 2258 533 2288 latebat
560 2261 670 2287 tamen
699 2257 911 2288 machinatio.
958 2259 1022 2289 Mi-

320 2317 459 2339 nervam
491 2313 601 2339 autem
634 2313 669 2338 ct
699 2308 843 2338 Dianam
880 2309 1021 2340 comites

320 2359 536 2398 Proserpinae
551 2358 632 2389 dant
647 2363 682 2389 ct
698 2359 852 2389 Valerius
869 2359 1023 2399 Flaccus,

321 2408 378 2440 lib.
397 2418 427 2439 v.
445 2413 479 2439 et
497 2409 659 2448 Papinius
678 2418 716 2438 ιι,
734 2408 857 2439 Achill.
883 2410 978 2440 Idem.

364 2460 427 2489 228
451 2459 558 2489 Pallas
582 2461 611 2489 et
635 2458 761 2499 inflexo,
779 2458 846 2497 Cra]
869 2460 1023 2499 Scaliger

323 2509 435 2549 carpit
461 2509 614 2547 Poetam,
645 2510 732 2550 quod
774 2509 932 2549 Virgines
964 2511 1023 2542 det

322 2559 446 2590 Veneri
473 2559 636 2590 comites:
663 2559 795 2589 nescius
824 2559 856 2589 id
888 2560 1021 2599 ingenio

320 2619 448 2641 summo
478 2608 621 2649 factum,
651 2611 659 2626 ‘
678 2619 719 2640 ne
756 2610 899 2640 Veneris
929 2611 1022 2641 dolos

321 2659 586 2699 persentisceret
624 2660 789 2700 rapiendo
804 2659 824 2691 ι’
869 2661 958 2701 quod
995 2661 1021 2692 si

1071 216 1228 256 culpatur
1245 215 1278 245 in
1295 218 1421 252 nostro,
1440 212 1516 243 falsi
1542 217 1575 244 et
1596 212 1666 251 alii,
1681 211 1770 243 inter

1071 276 1152 306 quos
1179 271 1232 297 est
1257 265 1396 295 Flaccus
1423 264 1552 304 Argon.
1578 264 1598 294 l.
1619 273 1650 294 v.
1674 264 1682 280 ⁸
1699 262 1770 295 Aut

1068 317 1184 347 Sicula
1200 316 1261 346 sub
1276 325 1357 355 rupe
1368 316 1498 353 (·l101·05‚
1510 315 1586 344 hinc
1600 312 1771 353 gressibus

1070 366 1201 396 liaereus
1229 365 1401 401 Pallados,
1422 364 1499 394 hinc
1523 373 1611 393 carae
1631 362 1770 392 Proser-

1071 416 1151 455 pina
1171 416 1294 456 juncta
1313 415 1451 453 Dianae;
1481 414 1602 451 Altior,
1625 422 1662 442 ac
1679 412 1772 442 nulla

1071 465 1231 495 comitum
1245 468 1412 502 certante,
1425 459 1775 502 priusquamPalluit.’

1071 513 1174 545 Diod.
1201 514 1220 545 l.
1249 522 1299 544 vi.
1327 516 1357 544 2.
1387 522 1428 543 ne
1455 518 1585 543 tantum
1611 510 1643 541 id
1661 510 1774 540 existi-

1071 574 1178 594 masse
1197 569 1296 603 putes
1312 564 1450 594 Poetas.
1477 563 1624 602 Dempst.

1114 614 1267 653 IlIaenaIu]
1308 614 1406 644 Mons
1443 612 1613 643 Arcadiae.

1071 673 1177 693 sacer.
1210 663 1327 694 Barth.

1113 715 1176 743 229
1211 712 1328 742 Divino
1355 712 1464 742 semita
1495 721 1606 749 gressu
1634 709 1774 749 claruit]

1073 762 1149 793 Non
1187 763 1277 802 ipsas
1315 762 1418 792 Divas
1459 771 1534 791 suas
1567 761 1777 800 comparavit

1072 813 1159 843 truci
1185 817 1288 852 astro,
1304 812 1362 842 sed
1386 812 1542 843 semitam
1570 821 1697 849 earum,
1715 820 1777 850 per

1073 872 1169 903 quani
1184 863 1268 893 coelo
1285 872 1320 893 se
1337 863 1534 902 deportant.
1557 862 1612 893 Sic
1630 863 1778 892 Lacteum

1070 914 1229 943 tramitem
1250 913 1388 943 Deorum
1406 913 1438 942 iu
1458 913 1578 943 coelum
1604 913 1670 942 iter
1694 911 1777 942 facit

1070 965 1214 995 Ovidius
1231 965 1495 1004 Metamorphosi
1515 965 1633 1005 prima.
1654 965 1753 994 Idem.

1114 1017 1176 1045 230
1213 1015 1351 1054 Clamit]
1399 1015 1492 1045 Malo
1529 1014 1665 1045 Canduit
1697 1023 1776 1044 cum

1073 1065 1232 1105 isingrini
1249 1065 1380 1095 codice.
1428 1065 1511 1095 Mox
1530 1065 1696 1103 augurium
1716 1064 1776 1093 ini-

1072 1125 1164 1155 quum
1189 1125 1229 1145 ex
1260 1115 1396 1154 scriptis
1420 1115 1475 1144 alii
1495 1115 1568 1154 jam
1594 1112 1776 1153 legendum

1073 1165 1243 1195 viderunt.
1279 1165 1323 1194 D.
1344 1164 1456 1194 Heius.

1655 611 1776 641 Dianae
1802 641 1807 647 ,

1115 1217 1175 1244 231
1197 1215 1336 1253 Proeceps
1350 1213 1534 1253 sanguineo]
1557 1213 1686 1245 Omnes
1703 1212 1777 1244 fere

1072 1263 1307 1302 libriproepes;
1331 1268 1365 1293 et
1391 1264 1539 1294 dilabitur
1567 1264 1692 1294 Moreti
1721 1273 1776 1294 eo-

1073 1312 1159 1349 dex;
1186 1317 1301 1342 recte:
1326 1322 1393 1343 non
1419 1313 1506 1343 enim
1523 1313 1695 1344 delabitur
1723 1323 1779 1344 co-

1073 1367 1174 1401 meta,
1204 1362 1263 1392 sed
1298 1363 1483 1394 scintillans
1511 1364 1614 1394 dilabi
1644 1372 1683 1394 ac
1710 1363 1776 1393 dis-

1073 1413 1170 1452 pergi
1186 1413 1344 1444 videtur:
1371 1414 1413 1444 de
1431 1415 1549 1452 stellis,
1566 1424 1641 1455 quae
1665 1413 1777 1444 delabi

1074 1462 1274 1502 quandoque
1300 1463 1469 1502 videntur,
1491 1465 1556 1494 alia
1574 1474 1625 1495 res
1642 1470 1717 1502 cst;
1743 1469 1781 1495 ut

1068 1512 1140 1551 jam
1164 1517 1254 1542 tutus
1283 1513 1326 1543 sit
1356 1523 1374 1542 a
1404 1523 1549 1544 censura
1578 1514 1639 1544 viri
1663 1513 1779 1553 magni

1074 1561 1290 1593 Claudianus,
1328 1563 1424 1593 Idem.

1118 1611 1295 1651 Dilabitur]
1319 1612 1459 1643 Poetice
1486 1612 1520 1642 id
1548 1612 1699 1652 quidem,
1718 1612 1777 1643 sed

1074 1662 1224 1702 pulchre,
1254 1672 1328 1692 mea
1362 1662 1552 1692 sententia:
1602 1663 1650 1692 ita
1690 1662 1780 1693 enim

1074 1712 1203 1742 sublimi
1221 1712 1308 1742 aeris
1337 1712 1463 1752 regioni
1490 1711 1620 1742 adfixus
1649 1717 1701 1742 est
1725 1722 1778 1743 co·

1074 1766 1176 1800 meta,
1195 1767 1229 1792 nt
1247 1762 1317 1802 jam
1337 1762 1411 1802 jam
1434 1763 1590 1802 lapsurus
1607 1762 1780 1794 videatur.

1076 1814 1199 1843 Claver.

1116 1866 1177 1894 235
1205 1864 1282 1898 Qum
1309 1867 1390 1894 tecta
1414 1863 1571 1903 virebant]
1602 1864 1656 1895 lta
1679 1864 1780 1896 multi

1074 1923 1114 1943 ex
1141 1913 1284 1951 nostri<3
1322 1923 1381 1943 uec
1410 1913 1542 1952 dubito,
1568 1914 1647 1954 quin
1676 1923 1775 1945 vere:

1074 1963 1173 2003 vulgo
1190 1963 1348 1994 nitebant:
1371 1964 1425 1994 alii
1449 1965 1609 1995 manebant
1639 1965 1692 1995 vel
1721 1965 1780 1995 mi-

1073 2013 1193 2052 cabant,
1219 2013 1272 2043 vel
1305 2013 1458 2043 latebant:
1483 2013 1530 2044 sic
1544 2014 1662 2054 florere
1691 2012 1780 2044 infra

1073 2063 1131 2094 lib.
1149 2072 1202 2094 ni.
1229 2065 1237 2079 ‘
1256 2062 1401 2094 florebat
1423 2064 1607 2104 tranquilla
1630 2063 1748 2094 domus
1763 2063 1784 2094 :’

1074 2113 1162 2153 quod
1191 2124 1233 2143 ex
1261 2113 1318 2143 illo
1345 2113 1444 2144 Statii
1475 2113 1607 2143 hausit:
1641 2115 1649 2130 ‘
1668 2113 1782 2144 Flore-

1073 2163 1152 2193 bant
1180 2164 1303 2194 hilares
1329 2163 1588 2202 inconcussique
1611 2163 1784 2194 Penates!

1075 2213 1219 2244 Ovidius
1243 2212 1395 2244 Athenas
1424 2217 1538 2250 vocat,
1563 2212 1619 2242 lib.
1636 2221 1674 2242 11.
1695 2212 1783 2244 Met.

1073 2263 1081 2278 ‘
1098 2262 1259 2303 Ingenuis
1276 2262 1397 2301 opibus
1412 2266 1447 2291 et
1469 2261 1557 2291 festa
1575 2272 1658 2301 pace
1675 2262 1784 2293 viren-

1075 2312 1149 2343 tes!
1194 2312 1294 2352 Apud
1318 2316 1469 2342 nostrum
1495 2312 1581 2341 libro
1605 2312 1696 2343 11.in
1715 2313 1782 2343 Ru-

1073 2361 1189 2400 finum,
1210 2364 1279 2391 187.
1303 2362 1311 2377 ‘
1330 2361 1442 2391 virent
1468 2360 1618 2400 oppida,’
1646 2365 1682 2391 ut
1706 2360 1784 2392 libri

1073 2416 1206 2442 veteres
1224 2411 1292 2441 illic
1310 2416 1507 2451 agnoscunt.
1536 2411 1579 2441 D.
1599 2410 1712 2441 Heins.

1123 2464 1185 2492 236
1212 2462 1377 2501 Cyclopum
1394 2461 1527 2499 firmata
1548 2460 1656 2500 manu]
1695 2461 1787 2492 Deo-

1073 2522 1144 2542 rum
1163 2512 1380 2551 Dearumque
1409 2511 1500 2541 mdes
1523 2509 1614 2541 ferro
1632 2510 1785 2551 plerum·

1073 2573 1137 2602 que
1155 2562 1259 2593 t'actae
1277 2561 1462 2602 finguntur.

1117 2614 1282 2652 Cyclopum
1299 2612 1432 2652 firmata
1457 2611 1564 2651 manu]
1590 2611 1695 2644 Prim.
1711 2612 1779 2642 Va-

1073 2662 1178 2694 tican.
1193 2661 1381 2699 fabricata:
1405 2666 1442 2693 ut
1460 2661 1550 2703 apud
1570 2661 1691 2703 Virgii.
1708 2661 1782 2693 AEn.
