1859 3148
361 150 475 193 1654

362 254 499 293 bantur,
516 263 604 284 nunc
622 254 722 283 etiam
740 251 926 291 superstite
940 252 1063 283 nostris

362 304 524 336 moribus.
579 303 782 333 Claudianus
808 301 945 331 thalami
972 306 1064 332 serta

363 355 485 385 exinde
501 360 609 384 vocat.
661 353 745 381 Hinc
769 351 913 382 Veneris
930 351 1064 382 conscia

363 405 538 444 nuptialia.
566 403 679 433 Barth.

409 455 491 489 Quin
508 455 572 493 ipsa
587 451 744 490 tubarum]
761 451 838 481 Non
851 452 972 492 quippe,
988 452 1063 483 libri

363 514 435 534 eum
464 503 573 534 Aldo:
606 507 640 531 et
666 511 740 531 mox
769 511 827 541 qua
851 502 960 533 moenz'a
980 513 1062 533 unus

363 555 484 585 Pctav.
524 554 566 582 Ι).
584 552 698 582 Heius.

408 606 464 633 117
494 601 761 641 I’Iacalosulgmw
778 603 921 643 vernant]
948 603 1064 633 Pacato

362 652 468 683 Aldus
485 657 517 681 et
535 652 651 691 scripti
669 663 675 681 :
705 653 860 683 similiter
882 653 970 692 apud
988 654 1063 683 Sta-

361 702 444 732 tium
479 701 601 732 Acliill.
623 702 818 742 legendnm,
845 702 902 733 ubi
924 702 966 733 de
985 703 1063 732 Pal-

362 752 436 782 lade
454 753 544 791 agit:
572 754 580 768 ‘
595 757 755 792 exempta
772 757 915 792 pacetur
931 752 1063 782 casside

360 802 496 834 vultus?
524 803 652 833 Noster
670 803 770 833 alibi:
796 803 805 819 ‘
818 803 959 843 pudeat,
977 803 1063 833 Gra-

360 853 450 891 dive,
480 863 615 884 secures
640 854 771 884 Pacata
788 858 923 893 gestare
940 853 1063 885 manu!

362 904 459 935 Idem.

406 956 465 984 11⁸
490 954 693 984 Parthenium
735 954 859 985 canibus
907 958 1064 985 scrutatur

360 1003 496 1042 odorem]
521 1004 769 1034 Revocavinius
795 1004 966 1044 antiquam
996 1005 1062 1034 lec-

361 1054 497 1085 tionem.
543 1054 682 1093 vulgati
714 1054 823 1084 odoris.
856 1054 1064 1084 Parthenium

361 1105 483 1135 odorem
505 1104 605 1143 dixit,
632 1110 667 1134 ut
682 1107 807 1143 pratum
823 1105 981 1134 odoratum
999 1105 1064 1135 Ne-

359 1155 546 1184 mesianus:
573 1156 580 1170 ‘
602 1155 757 1194 Namque
777 1159 811 1184 et
828 1154 969 1184 odorato
993 1164 1064 1184 nos-

361 1209 441 1233 cunt
461 1204 603 1243 vestigia
620 1208 718 1244 prato
734 1204 753 1233 :¹
781 1208 815 1233 et
837 1205 949 1234 olidum
965 1204 1064 1235 cubile

360 1255 507 1285 Rutilius
519 1254 700 1284 Itinerario
715 1265 722 1284 z
740 1257 747 1270 ‘
763 1254 994 1284 Instrumenta
1007 1263 1062 1293 pa-

360 1309 412 1333 rat
442 1303 585 1333 venandi
617 1303 746 1332 villicus
778 1303 913 1341 hospes,
946 1302 1062 1342 Atque

359 1352 483 1382 olidum
513 1353 631 1382 doctas
662 1361 759 1381 nosse
797 1352 908 1382 cubile
939 1352 1064 1383 canes.’

362 1402 487 1432 Notum
514 1402 617 1431 Laevii
634 1401 783 1441 μείουρον.
818 1403 826 1418 ‘
845 1402 965 1441 Dirige
983 1402 1063 1433 odo-

359 1453 511 1492 risequos
525 1451 566 1482 ad
580 1456 676 1482 certa
694 1452 820 1482 cubilia
833 1452 959 1482 canes.'
981 1453 1062 1482 Odo-

357 1504 402 1532 ris
428 1502 461 1532 in
491 1502 671 1532 venatione
696 1502 799 1531 etiam
817 1502 970 1532 meminit
987 1503 1062 1532 Vir-

359 1552 415 1591 gil.
433 1561 496 1582 vu.
513 1552 522 1568 ‘
538 1552 675 1582 canibus
692 1551 818 1581 rabiem
837 1551 981 1591 Cocytia
998 1553 1061 1582 vir-

357 1612 398 1641 go
427 1602 573 1641 objicit,
599 1606 633 1632 et
660 1607 740 1631 noto
768 1611 867 1632 nares
894 1603 1061 1642 contingit

358 1651 483 1682 odore.’
507 1652 606 1682 Silius
625 1651 684 1682 lib.
703 1660 736 1682 x.
751 1652 759 1667 ζ
773 1657 979 1692 conceptum
991 1662 1060 1684 sec-

359 1706 449 1732 tatus
467 1701 618 1740 odorem,
634 1702 826 1741 Deprendit
841 1702 956 1742 spissis
970 1713 1061 1734 arca-

358 1762 401 1782 na
433 1751 554 1782 cubilia
579 1752 712 1782 dumis.y
748 1752 878 1783 Seneca
904 1753 1063 1795 Thyeste,

357 1807 424 1833 act.
438 1812 493 1833 111.
505 1804 513 1818 ‘
528 1802 582 1832 Sic
597 1801 771 1833 cumferas
785 1802 936 1843 vestigat
947 1809 980 1834 et
992 1804 1062 1834 lon-

358 1862 400 1893 go
431 1862 537 1892 sagax
570 1852 659 1882 Loro
689 1856 825 1882 tenetur
856 1852 998 1891 Umber,
1023 1863 1062 1884 ac

357 1910 474 1941 presso
499 1902 570 1932 vias
597 1902 777 1932 Scrutatur
802 1911 872 1940 ore,
890 1902 968 1932 dum
986 1913 1062 1943 pro·

358 1952 412 1982 cul
430 1951 521 1982 lento
537 1960 630 1981 suem
649 1951 767 1982 Odore
784 1951 912 1983 sentit.’
952 1953 1064 1984 Maro-

357 2002 493 2032 nianum
511 2001 592 2032 illud
620 2002 628 2018 ‘
647 2001 751 2031 odora
774 2011 895 2032 canum
919 2003 978 2033 vis’
1002 2013 1062 2043 pro

357 2052 496 2092 vulgata
508 2051 620 2082 facere
635 2052 804 2091 scriptura
822 2053 929 2091 possit
943 2052 1061 2084 videri.

358 2101 418 2132 sed
431 2106 583 2132 vetustos
599 2102 733 2132 codices
746 2102 800 2131 hic
816 2111 949 2142 sequor.
965 2103 1060 2133 Idem.

402 2153 462 2180 150
488 2151 607 2188 Iniecta
647 2150 785 2189 tandem]
831 2151 905 2181 Imo
940 2156 1061 2182 tantum

357 2210 432 2232 cuni
450 2201 596 2240 scriptis.
623 2202 719 2231 Idem.

402 2253 462 2280 152
488 2250 625 2290 Repens]
663 2251 813 2290 Sumtus,
845 2251 1057 2291 improvisus,

360 2300 476 2331 Barth.

402 2352 462 2380 163
492 2349 580 2380 Velut
596 2350 744 2388 occultus]
786 2351 986 2382 Cuniculuni
1006 2361 1059 2382 ac-

357 2404 428 2431 tum
459 2400 576 2430 subter
605 2401 740 2440 moenia,
770 2405 804 2431 et
830 2401 862 2430 in
886 2401 1058 2432 obsessam

358 2450 475 2481 urbem
493 2451 750 2490 irrumpentem,
767 2451 943 2482 describit.
962 2453 1058 2482 Idem.

400 2500 516 2531 Prodit
542 2501 572 2530 in
596 2501 726 2540 hostem]
765 2502 877 2540 Pergit
905 2503 1024 2543 scripti
1049 2513 1058 2540 ;

357 2551 524 2592 quomodo
550 2555 586 2581 et
615 2550 775 2591 Virgilius
799 2551 965 2592 dixerat,‘
984 2562 1059 2593 per-

358 2609 436 2641 gere
452 2601 485 2631 in
501 2601 653 2631 hostem!
700 2601 783 2632 Mox
809 2603 905 2632 elusos
931 2612 996 2633 non
1012 2603 1059 2633 in-

357 2651 452 2682 clusos
479 2656 570 2682 recte
595 2651 699 2682 iidem
718 2652 854 2694 scripti:
887 2653 958 2685 aliis
985 2654 1058 2693 jam

359 2700 477 2732 visum.
499 2701 544 2734 D.
560 2701 674 2733 Heins-

571 161 713 192 NOTAE
745 158 1009 190 vARmRUM
1045 159 1096 188 IN
1131 160 1204 190 CL.
1237 160 1419 190 CLAUD-
1453 160 1619 189 XXXV.

1162 254 1223 282 los
1248 252 1379 282 Saturni
1405 251 1577 290 tenebrosa]
1609 251 1818 284 Membranae

1116 302 1277 333 latebrosa.
1304 303 1411 332 Idem.

1161 356 1217 383 171
1242 354 1391 393 Duraque
1404 355 1490 383 (lcum
1507 362 1653 392 cmnpage
1665 352 1820 394 tenebant]

1117 405 1218 435 Multi
1243 405 1416 445 Siculaque,
1442 414 1642 444 perperam:
1668 413 1742 434 nain
1770 404 1821 435 Si-

1116 456 1191 484 culoe
1203 456 1368 495 seqnitur.
1407 455 1529 493 Isingr.
1545 455 1717 493 solitaque;
1745 454 1820 493 lego

1115 506 1280 545 solidaque.
1304 506 1428 536 Lucan.
1457 506 1513 535 lib.
1544 514 1592 535 ix.
1626 505 1685 535 ‘Si
1713 503 1821 535 solida

1118 555 1224 594 Libye
1239 564 1403 595 compage
1416 562 1449 585 et
1463 555 1613 595 pondere
1627 554 1709 584 duro
1721 554 1820 584 Clau-

1116 603 1213 634 deret
1238 606 1348 635 exesis
1380 605 1541 635 Austrum
1566 605 1740 645 scopulosa
1766 614 1821 635 ca-

1116 654 1253 684 vernis.'
1279 655 1375 684 Idem.

1160 706 1222 734 172
1249 704 1390 743 Trabali]
1415 704 1563 743 Ingenti.
1593 704 1703 734 Barth.

1161 756 1220 783 173
1244 752 1360 783 Siculoe
1387 763 1513 784 sonuere
1537 753 1688 793 cavernae]
1710 754 1821 794 Scrip-

1116 803 1142 833 ti
1174 803 1327 833 nonnulli
1356 807 1503 839 tonuere,·
1526 804 1664 835 rectius.
1702 803 1822 843 Virgil.

1116 853 1188 883 AEn.
1207 862 1264 883 111.
1291 853 1594 893 ‘horrificisjuxta
1610 857 1705 884 tonat
1720 854 1823 884 AEtna

1117 903 1243 933 rninis.’
1271 903 1322 933 De
1350 903 1468 933 eadem
1497 903 1596 933 Silius
1626 912 1705 934 xrv.
1733 904 1741 920 ‘
1761 912 1822 943 per

1115 962 1223 983 caecos
1240 957 1334 983 tonat
1349 954 1536 994 irrequieta
1548 953 1725 993 fragores!
1748 954 1822 984 Sta-

1118 1003 1193 1041 tius,
1208 1002 1314 1033 Tlieb.
1329 1011 1382 1034 111.
1415 1004 1423 1018 ‘
1442 1004 1560 1042 procul
1580 1003 1697 1041 igneus
1713 1003 1821 1033 antris

1116 1054 1215 1084 Mons
1242 1058 1348 1092 tonat,
1373 1053 1547 1083 exundant
1565 1053 1680 1092 apices
1694 1052 1713 1082 :'
1731 1052 1821 1093 quod

1116 1109 1232 1134 noster
1259 1104 1409 1133 imitatus
1438 1103 1546 1133 infra:
1578 1103 1586 1118 ‘
1615 1103 1821 1142 Compressu

1115 1162 1210 1183 mons
1243 1154 1318 1191 igne
1345 1153 1463 1183 tonat.’
1502 1153 1579 1182 Val.
1605 1152 1745 1182 Flaccus
1772 1162 1822 1185 lv.

1116 1205 1124 1219 ‘
1137 1203 1192 1233 Sic
1207 1203 1261 1232 ubi
1276 1203 1438 1242 praerupti
1453 1203 1562 1233 tonuit
1575 1212 1651 1233 cnm
1664 1202 1821 1235 forteVe-

1117 1253 1186 1282 sevi
1202 1253 1524 1292 Hesperiaeletlialis
1537 1252 1645 1293 apex.’
1659 1254 1821 1286 D.Heins.

1162 1305 1221 1333 177
1249 1304 1292 1333 Et
1322 1303 1374 1343 qai
1402 1306 1433 1334 te
1460 1303 1547 1343 latis]
1585 1305 1662 1334 Duo
1682 1304 1821 1336 Juniani

1117 1355 1151 1382 et
1169 1362 1253 1382 unus
1275 1352 1430 1384 Amin-os.
1448 1353 1564 1392 Latiis,
1591 1358 1626 1384 ut
1641 1364 1724 1393 puer
1742 1355 1820 1385 olim

1116 1402 1328 1442 conjeceram
1345 1415 1351 1433 :
1367 1403 1413 1434 sic
1427 1403 1536 1434 Latios
1548 1404 1720 1443 triumphos
1735 1403 1822 1435 dixit

1116 1461 1163 1483 vr.
1181 1453 1282 1483 (lons.
1301 1454 1392 1484 Hon.
1422 1455 1430 1470 ⁴
1450 1454 1604 1484 Candida
1631 1454 1687 1494 qni
1715 1454 1822 1485 Latiis

1116 1501 1271 1541 praebent
1306 1507 1458 1533 armenta
1488 1503 1686 1543 triumphis!
1739 1504 1821 1534 Pari

1114 1552 1214 1581 niodo
1232 1557 1394 1591 peccatur
1406 1553 1495 1593 apud
1512 1553 1641 1591 Silium,
1654 1553 1740 1583 libro
1756 1562 1821 1584 ΧΠ.

1114 1601 1171 1632 illo
1203 1611 1323 1633 versu:
1360 1605 1367 1619 ‘
1389 1611 1545 1632 resonare
1577 1602 1717 1632 docebit
1753 1602 1819 1634 Hic

1115 1652 1219 1682 Latiis
1249 1652 1417 1683 Helicona
1445 1653 1553 1683 modis
1569 1652 1589 1682 ε’
1619 1651 1821 1693 frequentis-

1114 1703 1195 1734 sime
1209 1703 1263 1734 hic
1281 1713 1377 1734 error
1393 1713 1410 1733 a
1429 1703 1573 1734 librariis
1591 1703 1719 1744 supinis
1732 1714 1820 1735 com-

1113 1753 1245 1784 missus.
1300 1754 1398 1783 Vidit
1437 1754 1498 1785 hoc
1534 1754 1621 1785 curis
1660 1754 1818 1786 secundis

1115 1802 1275 1833 Bai-thius
1292 1813 1298 1833 ς
1322 1803 1445 1833 similes
1462 1813 1575 1834 naevos
1593 1804 1720 1834 Nasoni
1736 1804 1819 1835 inul-

1114 1852 1156 1882 tis
1171 1853 1202 1882 in
1222 1853 1301 1883 locis
1318 1853 1530 1884 detersimus.
1568 1854 1756 1894 Sequentia
1775 1863 1818 1885 ex

1114 1902 1179 1931 illis
1206 1902 1414 1933 Maronianis
1432 1913 1594 1943 expressa
1610 1909 1708 1934 sunt:
1733 1905 1743 1921 ‘
1760 1913 1819 1934 uu·

1114 1951 1191 1981 dani
1209 1951 1292 1982 levis
1307 1953 1437 1984 innatat
1451 1954 1545 1984 alnus
1573 1954 1680 1984 Missa
1696 1953 1817 1987 Pado.’

1115 2001 1212 2032 Idem.

1158 2054 1220 2081 179
1244 2051 1310 2091 Sic,
1335 2062 1415 2091 cum,
1442 2052 1511 2092 ξω]
1536 2052 1715 2093 Stagnavit
1737 2053 1817 2084 olim

1112 2101 1285 2133 Thessalia
1299 2104 1351 2143 (ut
1367 2103 1411 2133 ait
1427 2103 1570 2143 Strabo)
1586 2103 1646 2134 sed
1661 2108 1737 2144 post
1751 2107 1817 2135 ter-

1113 2162 1158 2182 rae
1176 2158 1303 2183 motum
1321 2153 1457 2192 abrupti
1474 2158 1619 2191 montes,
1639 2159 1742 2193 atque
1759 2153 1818 2184 da·

1113 2208 1167 2233 tus
1197 2203 1291 2243 aquis
1321 2203 1443 2233 exitus.
1499 2203 1546 2233 At
1578 2202 1751 2233 Diodorus
1781 2207 1818 2234 et

1110 2253 1238 2282 Seneca
1255 2251 1288 2281 id
1306 2252 1458 2290 Herculi,
1482 2261 1547 2282 uon
1565 2252 1667 2283 etiam
1685 2253 1818 2292 Neptu-

1111 2310 1152 2331 no
1170 2301 1337 2331 tribuunt.
1365 2302 1488 2332 Claver.

1156 2355 1215 2381 180
1237 2352 1522 2392 Peneostagnante]
1544 2352 1703 2394 Alioquin
1717 2363 1815 2394 gran-

1111 2400 1161 2431 dis
1179 2401 1232 2432 liic
1247 2400 1383 2440 fluvius,
1399 2407 1521 2443 utpote
1537 2403 1569 2433 in
1583 2404 1676 2444 cujus
1692 2413 1814 2435 nomen

1111 2451 1249 2482 veniant
1272 2457 1430 2493 quatuor,
1459 2458 1517 2485 aut
1534 2453 1713 2485 duodecim
1729 2454 1815 2486 adeo

1111 2503 1187 2542 ipsi,
1203 2503 1271 2533 alii.
1296 2503 1411 2533 Barth.

1155 2553 1198 2583 Et
1216 2563 1315 2583 mersa
1340 2556 1470 2592 negaret
1496 2553 1584 2584 Arva
1609 2552 1682 2592 coli]
1710 2554 1812 2593 Nega-

1110 2607 1177 2633 rem
1202 2608 1334 2643 septem
1352 2603 1427 2634 libri
1444 2613 1504 2644 pro
1520 2607 1708 2643 recusarent,
1723 2603 1812 2644 quod

1110 2663 1246 2684 verum:
1276 2653 1333 2684 lib.
1362 2663 1385 2685 l.
1417 2654 1451 2684 iu
1481 2655 1626 2694 Eutrop.
1653 2654 1811 2685 ‘caedere

1110 2703 1200 2744 ligna
1215 2704 1337 2735 culinae
1353 2703 1510 2735 Membra
1522 2703 1672 2745 negant.’
1697 2704 1811 2744 Silius,
