1763 3116
222 150 271 181 {N
310 148 653 179 BIBLIOTHECIS
689 148 850 177 ssni'r'r.
885 147 1305 178 ASSERVA'PORUM.
1381 136 1490 180 1771

42 250 215 292 Graecis
233 265 361 305 quam
382 249 568 296 Latinis,
587 251 794 286 tractatus
817 250 857 285 et
875 245 1079 298 poemata
1103 250 1331 286 auctorum
1355 249 1493 288 diver—

41 331 188 358 sorum
203 332 323 371 saepe
336 315 694 363 coininiscentur3
718 317 760 353 et
774 313 932 366 cuique
948 325 1071 352 Suum
1089 312 1192 352 dare
1209 313 1316 352 artis
1334 319 1401 352 est
1415 316 1494 354 cri-

41 387 157 427 ticae.
208 384 425 426 Lactantii
439 382 574 422 editio
595 382 779 434 optima,
796 380 933 432 Lugd.
951 380 1051 420 Bat.
1068 392 1237 420 carnion
1255 380 1338 419 hoe
1357 383 1495 433 operi-

52 454 135 494 bus
150 452 362 493 Lactantii
373 449 698 504 subjungit‚sed
715 462 741 488 a
756 449 986 489 Lactantio
1002 448 1242 501 abjudicat,
1253 452 1382 500 atque
1395 461 1498 488 auc-

34 523 114 562 tori
135 520 285 560 incerti
307 519 493 559 nominis
516 519 720 570 assignat.
798 516 900 557 Non
920 521 1060 557 tamen
1085 516 1329 556 Claudiano
1352 520 1500 556 nostro

41 588 125 628 hoc
149 585 402 640 poemation
425 585 677 639 adjudicare
707 585 922 638 eripimus.
986 583 1189 624 Carmina
1210 584 1296 624 duo
1318 590 1432 632 sunt,
1456 588 1501 624 ut

32 655 151 711 ³bene
174 658 321 694 notum
344 658 423 702 est,
447 653 500 692 de
539 652 765 700 Phoenice,
803 651 1002 705 ejusdem
1038 652 1292 700 aminnenti,
1321 664 1499 692 oecono-

39 723 155 770 miae,
179 722 447 774 spiritusque
482 720 659 773 poetici,
692 720 941 760 redolentia.
1002 719 1114 758 Cum
1148 730 1252 757 vero
1288 731 1372 758 non
1396 731 1499 770 pos-

40 790 176 830 simus
199 790 383 842 opinari,
424 788 714 829 Claudianum
753 789 841 827 duo
865 788 1059 827 carmina
1088 786 1140 826 de
1162 785 1312 825 eadem
1335 786 1500 834 sabula,

40 861 80 896 et
120 857 317 909 ejusdem
356 857 570 904 materiae,
607 856 926 908 composuisse,
960 868 1057 894 cum
1097 854 1294 894 Gesnero
1344 858 1499 905 putan-

40 923 142 964 dum
182 928 261 973 est,
310 937 443 963 unum
486 924 662 963 alterius
695 923 981 962 imitationem
1019 922 1168 961 fuisse.
1252 920 1498 973 Rhythmus

40 990 206 1042 elegiae,
229 1003 283 1029 ne
304 991 432 1030 nimis
466 990 615 1037 simus,
645 1002 728 1028 non
764 990 1051 1029 videturesse
1071 988 1320 1029 Claudiani.
1384 989 1501 1028 Dum

39 1058 134 1098 haec
156 1058 236 1097 sub
259 1058 396 1110 praelo
419 1062 534 1105 sunt,
555 1060 681 1108 rogat
713 1057 779 1096 vir
813 1058 995 1105 amicus,
1020 1069 1075 1095 an
1097 1056 1229 1095 talem
1250 1054 1502 1107 prosodiam

41 1125 122 1166 sub
144 1125 268 1166 initio
291 1125 555 1177 pentametri
576 1124 848 1165 exhibuisset
871 1123 1168 1164 Claudianus:

200 1196 210 1212 ‘
236 1193 484 1233 Duodecies
507 1193 636 1232 undis
657 1193 808 1244 irrigat
833 1205 958 1232 omne
980 1190 1164 1232 nemus.’
1186 1203 1252 1231 vs.
1275 1189 1347 1230 28.

107 1260 270 1300 Codices
310 1258 616 1299 D'Orw'lliani.
654 1271 703 1298 x.
738 1260 775 1299 1.
805 1260 846 1299 (i.
876 1259 937 1299 13.
962 1272 1061 1298 cum
1096 1258 1194 1297 aliis
1229 1256 1503 1297 collationem

43 1329 233 1368 continet
265 1327 497 1367 Claudiani
523 1328 565 1367 in
598 1326 807 1366 Rufinum
841 1339 943 1365 cuin
989 1326 1077 1365 ΜΞ.
1099 1325 1343 1372 Parmensi,
1365 1337 1438 1377 pp.
1460 1324 1502 1363 5.

43 1400 82 1435 et
106 1394 298 1448 Raptum
323 1395 604 1447 Proserpinae
628 1408 725 1435 cuin
744 1394 910 1434 Codice
935 1393 1255 1433 Mediolanensi
1276 1405 1352 1445 pp.
1374 1392 1416 1431 5.

105 1473 155 1503 Χ.
178 1463 218 1502 2.
239 1462 280 1502 2.
302 1463 341 1503 1.
363 1461 637 1502 Claudianus
659 1462 701 1501 in
717 1474 844 1500 usum
866 1460 1074 1512 Delphini
1097 1461 1224 1500 1677.
1247 1472 1346 1499 cum
1368 1457 1504 1498 variis

44 1530 308 1570 lectionibus
334 1529 446 1568 Mss.

102 1596 376 1637 Claudianus
429 1596 545 1649 apud
584 1595 844 1645 Colinaenm,
881 1595 1068 1634 Parisiis
1105 1594 1231 1633 1:330.
1272 1593 1372 1633 ΞΥΟ.
1405 1604 1505 1632 cum

46 1665 160 1705 notis
193 1665 376 1705 Thomae
412 1663 653 1717 Marcyllii,
677 1676 700 1703 e
734 1662 901 1711 codice,
941 1667 987 1701 ut
1008 1661 1196 1709 videtur,
1220 1659 1506 1711 Lugdunensi

48 1735 272 1786 praecipue
295 1732 455 1772 ductis.

501 1884 663 1924 Codices
695 1882 1061 1938 Cantabrigienses.

108 1995 161 2034 In
184 1995 460 2035 Bibliotheca
483 1994 655 2034 Domus
679 1992 721 2031 S.
745 1992 867 2033 Petri
889 1991 1043 2032 Codex
1075 1991 1203 2031 1666.
1230 1988 1301 2044 (ut
1335 1989 1510 2029 denota-

52 2069 120 2104 tur
158 2063 200 2102 in
234 2062 373 2120 Catal.
408 2061 522 2101 Mss.
557 2060 728 2112 Angliae
762 2064 805 2100 et
842 2057 974 2112 Hib.)
1014 2059 1221 2103 continet,
1262 2058 1371 2097 inter
1407 2057 1510 2105 alia,

53 2129 286 2171 Claudiani
315 2129 366 2168 de
402 2128 554 2180 Raptu
578 2128 879 2179 Proserpinae,
910 2133 976 2166 art
995 2127 1036 2165 4.
1057 2132 1101 2166 et
1118 2126 1263 2172 1657„
1284 2138 1414 2165 unum
1439 2124 1512 2163 Li-

53 2197 191 2237 brum.
255 2196 376 2235 Idem
410 2195 650 2247 Catalogus
683 2200 801 2235 notat
835 2194 898 2248 (in
931 2207 1049 2233 num.
1083 2194 1211 2233 (3106.
1247 2193 1366 2238 272.)
1402 2193 1514 2232 inter

55 2262 241 2304 Codices
263 2263 446 2303 Thomae
485 2263 597 2303 Gale
635 2262 928 2302 Claudianum
964 2261 1155 2314 po'etain,
1178 2261 1223 2300 in
1256 2258 1514 2300 membranis

57 2331 262 2382 antiquis.
323 2330 412 2370 Hic
434 2330 549 2370 idem
573 2342 683 2369 nunc
707 2334 957 2369 asservatur
973 2329 1017 2368 in
1039 2328 1315 2368 Bibliotheca
1333 2326 1515 2377 Collegii

61 2397 218 2436 Sancta:
256 2396 487 2447 Trinitatis,
525 2398 611 2446 cui,
646 2402 691 2437 ut
717 2397 809 2450 jam
832 2397 1041 2445 diximus,
1072 2396 1125 2436 T.
1149 2396 1261 2437 Gale
1282 2395 1515 2435 moriturus

60 2464 242 2505 codices
264 2477 369 2503 suos
389 2466 566 2517 legavit.

119 2531 256 2571 Extat
289 2532 329 2570 in
359 2532 637 2572 Bibliotheca
673 2532 880 2573 librorum
917 2545 1029 2586 quos
1067 2531 1309 2571 Matthaeus
1337 2527 1514 2574 Parker,

62 2598 268 2651 Archiep.
294 2598 504 2638 Cantuar.
527 2600 606 2638 sub
631 2612 760 2651 regno
787 2599 1067 2648 Elizabethae,
1089 2598 1122 2637 C
1129 2597 1287 2648 ollegio
1309 2592 1515 2646 Corporis

66 2664 225 2706 Christi
247 2668 289 2706 et
311 2665 364 2705 B.
396 2663 551 2705 Mariae
580 2665 786 2718 Virginis,
808 2679 918 2706 nunc
957 2664 1100 2704 Bene'c
1136 2661 1315 2716 College,
1337 2658 1516 2720 legarit,
