1763 3116
473 183 534 214 DE
567 180 629 212 Vl.
663 179 801 210 CONS.
836 177 1023 209 HONOR.

29 284 97 311 tem
120 279 176 310 illo
203 288 275 309 aevo
298 277 399 308 nnllae
426 284 554 312 caveam
575 273 634 304 sed
652 277 725 303 tan-

27 335 97 361 tuin
111 330 143 359 in
165 327 431 369 Amphitheatro.
457 325 597 362 Dempsl.

71 382 134 410 6Ιῦ
159 378 260 409 Plebis
283 374 433 413 adorata]
471 373 582 404 Etiam
607 371 726 402 trium-

29 430 173 470 phantes
191 426 365 466 Principes
382 424 630 455 venerabantur
648 423 726 453 Plc-

29 479 118 509 bem.
146 477 255 508 Burei«.

77 527 176 557 l'lcbis
190 523 342 563 adoratoe]
365 522 524 554 Claudius
539 523 666 560 Caesar,
680 521 727 552 ait

27 578 178 613 Sueton„
199 575 393 616 spectacula
409 574 551 604 edentes
578 583 658 603 voce
688 583 727 602 ac

29 636 128 658 manu
146 631 324 656 veneratus
342 631 404 653 ost.
451 624 544 653 (libo
563 622 651 662 apud
668 623 729 651 Ta-

29 677 133 709 citum
158 675 363 717 protendens
381 684 497 704 manus
522 673 641 704 adorat
658 674 728 703 vul-

31 736 119 767 gum.
145 728 264 756 elaver.

73 779 135 807 617
160 776 303 816 Septenis
318 774 439 805 arcibus
465 774 561 813 Echo]
585 774 730 803 Veteres

30 826 180 857 nonnulli
198 825 316 856 vocibus
332 830 365 855 et
382 825 533 855 montibus
545 828 577 854 et
590 823 732 862 partibus

30 881 65 907 et
77 876 220 907 collibus.-
246 884 437 915 perperam.
482 875 579 904 Art-es
593 883 652 913 pro
668 873 733 904 col-

32 926 117 957 libus
133 931 190 956 aut
206 925 376 955 montibus
391 925 468 964 poni
481 925 553 963 jaui
571 924 649 953 alibi
664 933 732 954 mo-

32 976 174 1007 nuimus.
221 974 440 1005 Fescenninis
453 973 616 1003 Honorii:
641 974 649 989 ‘
663 973 733 1003 Au-

30 1036 88 1058 rea
105 1025 390 1066 septemgeminas
406 1024 511 1054 Roma
524 1028 663 1053 coronet
681 1033 732 1052 ar-

32 1076 110 1108 ces!
158 1075 258 1106 Libro
276 1083 333 1105 iii.
351 1074 383 1104 in
401 1074 631 1112 Stilichonem,
652 1083 733 1113 quo-

32 1126 131 1158 modo
158 1126 227 1157 illic
255 1125 514 1165 castigavimus:
549 1126 557 1141 ‘
585 1124 734 1155 Pristina

33 1176 210 1208 Romuleis
249 1174 399 1206 infloruit
444 1175 580 1205 arcibus
627 1173 733 1205 aetas!

35 1226 135 1267 Apud
153 1226 331 1256 Maronem
347 1236 355 1256 ι
381 1226 389 1242 ‘
408 1224 583 1255 Imbellem
609 1223 735 1254 avertis

34 1277 194 1309 Romanis
213 1276 349 1306 arcibus
366 1275 507 1305 Indum.’
540 1275 583 1306 D.
600 1274 713 1305 Heius.

78 1330 140 1358 618
166 1328 231 1357 Nec
244 1325 316 1356 solis
330 1325 378 1355 laic
390 1334 496 1356 cursus
511 1325 605 1364 equis,
616 1328 737 1354 assueta

35 1378 203 1419 quadrigas
219 1377 328 1416 Cingit
346 1386 418 1407 rara
436 1375 545 1415 tigris]
583 1375 738 1415 Tigrides

37 1428 208 1469 quadrigis
235 1428 374 1467 junctas
407 1426 567 1456 discimus
598 1435 640 1456 ex
672 1425 737 1456 [ΕΙ.

39 1477 236 1518 Lampridio
253 1478 284 1507 in
300 1476 522 1516 Heliogabalo
538 1487 545 1506 ε
569 1480 604 1506 et
620 1486 739 1514 raram,

38 1538 56 1559 a
72 1528 197 1566 colore,
222 1526 351 1567 optimo
375 1536 474 1557 sensu
500 1526 639 1563 dictam,
665 1526 738 1566 quis

37 1578 178 1609 inficiari
198 1577 327 1617 possit?
351 1576 507 1606 similiter
524 1581 559 1606 et
575 1576 651 1606 vide
669 1575 740 1606 Ho-

38 1634 102 1660 rat.
120 1628 178 1659 lib.
195 1637 251 1658 ιιι.
269 1627 336 1658 Od.
355 1630 406 1658 37.
432 1627 576 1667 Dempst.

81 1679 214 1710 Assuetu
241 1678 404 1721 quadrigis
435 1678 573 1715 Cingunt
601 1687 676 1707 arra
701 1677 742 1707 ti-

36 1729 122 1770 gres]
156 1730 297 1769 Tingunt
325 1728 503 1768 legendum
531 1733 670 1759 monent
693 1738 742 1758 se-

40 1780 195 1821 quentia:
219 1780 312 1810 etsie
327 1784 394 1810 tres
408 1779 542 1819 scripti.
558 1779 635 1809 Val.
652 1779 745 1810 Flac-

41 1839 111 1869 cuS‚
137 1830 195 1860 lib.
213 1839 236 1861 1.
259 1831 267 1846 ‘
287 1829 444 1870 niveique
472 1839 593 1870 greges
621 1830 744 1861 altaria

43 1879 197 1920 tinguent
211 1879 230 1910 :’
254 1880 340 1910 male
357 1881 482 1919 cingent
500 1881 598 1920 vulgo
622 1884 657 1911 et
674 1879 744 1910 illic

41 1930 178 1970 legitur.
226 1930 344 1970 Virgil.
368 1930 402 1960 in
432 1930 660 1961 Dedicatione
691 1930 746 1961 ΣΕ-

43 1980 160 2011 neidos
182 1981 190 1996 ‘
210 1981 354 2011 maxima
380 1985 495 2012 taurus
520 1980 671 2012 Victima
697 1990 747 2011 sa-

43 2034 154 2060 cratos
197 2030 328 2071 tinguet
373 2031 476 2062 odore
521 2030 638 2062 focos.’
683 2031 746 2061 Vir

43 2089 181 2118 magnus
213 2081 244 2109 iu
271 2090 329 2110 ora
351 2081 426 2111 libri
454 2082 503 2111 sui
530 2085 652 2112 assueta
675 2092 748 2122 qua·

43 2130 151 2169 drigas
176 2131 315 2169 Cingunt
341 2141 415 2161 ruva
441 2132 549 2171 tigres,
575 2137 676 2172 atque
702 2132 749 2163 ita

45 2181 295 2212 commentariis
305 2181 337 2211 in
350 2182 525 2212 Manilium
539 2182 642 2212 citat:
661 2181 749 2222 quod

43 2239 99 2261 me
126 2240 191 2260 non
220 2231 415 2270 intelligere
445 2230 568 2262 fateor.
617 2231 750 2271 Raphe-

45 2281 176 2321 lengius
191 2281 362 2311 asteriscis
373 2282 483 2312 locum
497 2288 642 2312 notarat.
667 2283 750 2313 Bar-

47 2331 135 2362 tliius
169 2332 306 2371 Cingunt
334 2342 440 2363 arma:
477 2338 571 2364 certe
600 2342 686 2364 arma
716 2333 749 2364 in

47 2386 179 2420 septem
214 2382 351 2422 scriptis
395 2388 587 2414 nostrorum
627 2388 750 2416 exstat.

48 2431 119 2462 Pro
129 2434 249 2461 assueta
261 2433 356 2463 multi
370 2438 503 2464 veteres
514 2435 651 2465 advecta.
676 2434 750 2465 Pri-

51 2489 185 2511 caeanus
201 2482 314 2512 attrita
330 2492 395 2513 non
410 2484 507 2515 male.
545 2484 586 2514 In
604 2484 750 2524 Gyrald.

50 2530 195 2561 Lucens.
213 2531 310 2569 prim.
323 2533 480 2564 Vatican.
498 2538 534 2564 et
556 2534 662 2565 tribus
679 2535 751 2565 aliis

51 2590 114 2621 pro
131 2580 239 2619 tigres,
264 2581 384 2618 trabes;
408 2589 443 2613 ut
461 2594 582 2623 pegma
607 2590 665 2615 aut
681 2595 753 2616 sce-

52 2639 129 2661 nam
147 2630 328 2669 intelligat.
374 2633 412 2663 ln
431 2634 603 2665 Oiseliano
624 2635 754 2674 cingunt

51 2690 138 2711 arma
151 2684 270 2711 truces:
294 2681 395 2712 trabes
408 2693 468 2722 pro
483 2689 639 2724 pegmate
652 2686 753 2716 etiam

54 2731 242 2762 Consulatu
268 2731 438 2762 Theodori
468 2733 592 2766 habes:
616 2734 625 2750 ‘
643 2735 754 2765 varios

138 2785 252 2826 Delph.
266 2787 296 2816 et
313 2785 384 2817 Var.
402 2785 488 2820 Clas.

714 2788 830 2820 Claud.

1366 166 1476 208 1601.

775 269 914 310 effingat
932 269 1104 301 Mulciber
1127 268 1226 300 orbes
1253 268 1322 299 Per
1347 269 1478 302 tabulas

775 323 910 361 impune
923 330 1036 358 vagus,
1047 320 1215 360 picta‘que
1226 319 1331 350 citato
1344 319 1481 350 Ludunt

776 373 853 412 igne
872 370 1010 401 trabes)
1036 371 1077 401 D.
1091 370 1202 400 Heius.

819 424 883 451 619
908 421 1047 459 cing-unt
1073 431 1149 450 αιϊα
1177 419 1292 459 tigres]
1316 419 1482 459 Implent,

778 471 882 502 dicas.
935 470 1160 501 Scribendnm
1199 470 1345 500 arbitror
1381 479 1482 499 arma.

778 524 876 553 Arma
892 522 1054 562 quadrigis
1077 530 1241 562 equorum
1267 525 1364 551 sueta
1391 519 1484 560 addi,

777 572 952 613 'rign-idum
965 572 1119 602 curribus
1134 571 1320 611 aitjuiicta.
1369 571 1423 601 De
1441 569 1484 601 iis

780 624 812 655 in
827 624 926 654 Circo
943 623 1068 654 nemini
1086 632 1137 652 res
1150 622 1263 662 ignota
1277 633 1283 652 :
1297 621 1413 661 junxit
1430 620 1485 652 'ri-

780 683 855 713 grcs
873 674 984 703 currui
1003 683 1078 703 cum
1096 673 1266 703 Bacchum
1294 670 1485 712 pr-aeferret,

780 723 1000 763 Alagabalus‚
1019 723 1188 762 scriptore
1203 721 1411 762 Lampridio.

824 773 1001 812 Subita'que
1011 776 1149 812 aspectus
1158 772 1276 811 arenoe]
1294 771 1414 802 Subito
1427 771 1488 802 im-

781 823 894 853 missas
912 822 1012 862 ferm,
1028 831 1068 852 eo
1085 822 1160 852 loco
1177 832 1284 862 eaque
1299 820 1409 852 forma
1420 830 1489 853 non

782 877 1012 912 exspectatas.
1037 872 1152 903 Barth.

825 925 887 952 620
904 922 1032 962 Libycos
1043 921 1180 961 cruores]
1193 920 1373 952 Africanas
1386 919 1491 961 feras,

783 971 997 1001 notatis-sima
1014 972 1225 1010 spectacula.
1251 971 1348 1001 Idem.

826 1025 887 1052 621
915 1022 981 1052 Hic
990 1025 1019 1052 et
1032 1021 1206 1061 belligeros]
1229 1022 1309 1052 Hoec
1320 1022 1490 1054 meliores.

784 1074 827 1104 D.
842 1073 954 1103 Heius.

828 1123 909 1153 Hoec
923 1126 953 1153 et
969 1122 1141 1161 belligeros,
1155 1121 1227 1162 ἔξω]
1250 1121 1335 1154 Quae
1352 1130 1432 1153 sane
1449 1121 1493 1153 de

786 1173 886 1204 Circo
904 1182 1098 1213 perperam,
1123 1177 1161 1203 ut
1178 1177 1274 1212 puto,
1298 1172 1370 1204 JOS.
1387 1173 1494 1204 Scali-

787 1232 845 1263 ger
862 1223 1122 1262 iuterpretatur,
1149 1222 1240 1263 Isag.
1255 1231 1296 1253 Π.
1320 1222 1354 1253 in
1371 1222 1494 1255 Manil.

788 1274 876 1305 Nam
903 1273 1109 1304 Claudianus
1131 1278 1231 1304 antea
1255 1273 1298 1303 de
1325 1272 1497 1304 Circensi-

787 1323 862 1362 bus,
891 1324 956 1354 isto
974 1332 1054 1353 vero
1082 1323 1157 1353 loco
1175 1322 1218 1353 de
1241 1323 1494 1362 campestribus

790 1373 875 1411 agit,
897 1373 967 1403 sive
985 1372 1189 1403 militaribus
1207 1373 1393 1412 exercitiis,
1417 1382 1494 1413 quae

790 1425 822 1453 in
835 1424 964 1463 Campo
974 1422 1115 1461 Martie,
1127 1426 1185 1454 aut
1195 1423 1308 1453 verius
1318 1423 1391 1463 ejus
1404 1431 1496 1454 area.

790 1475 932 1513 Dempsl.

834 1523 1011 1562 Belligeros
1040 1523 1138 1563 lusus]
1177 1524 1427 1565 Gladiatorum,
1463 1524 1498 1556 in

792 1573 940 1613 speciem
960 1582 1143 1611 ver0rum3
1169 1578 1228 1604 aut
1253 1575 1434 1606 commissa
1457 1574 1500 1606 si-

792 1624 945 1654 mulacra
963 1623 1140 1654 bellorum.

836 1672 935 1712 Area]
959 1674 1114 1714 Spatium
1132 1674 1236 1705 Circi.
1261 1675 1375 1706 Barth.

836 1726 898 1754 623
924 1723 1040 1754 Textas
1055 1724 1245 1764 Iegefugas]
1285 1725 1424 1766 CursuS,
1449 1734 1502 1758 re-

794 1783 991 1814 cursusque.
1016 1775 1112 1806 Idem.

837 1826 900 1854 624
926 1825 968 1855 Ec
981 1824 1127 1865 pulchras
1141 1835 1279 1856 errorum
1294 1825 1390 1866 acics]
1426 1826 1463 1857 M
1468 1836 1503 1857 a—

794 1874 851 1905 lim
865 1884 1023 1905 erronum:
1048 1885 1252 1917 quamquam
1263 1876 1379 1906 invitis
1392 1882 1503 1908 vetus—

796 1925 838 1955 tis
867 1924 1093 1955 membranis:
1123 1930 1217 1956 certe
1247 1925 1281 1955 iu
1308 1935 1374 1956 uno
1400 1926 1504 1956 Peta-

798 1976 897 2006 viano
927 1975 1065 2006 heroum.
1115 1976 1306 2008 videantur
1345 1987 1420 2017 quae
1460 1975 1504 2007 ad

798 2027 970 2057 Nasonem
988 2027 1105 2057 notavi
1123 2027 1234 2067 Epist.
1252 2036 1312 2058 xv.
1330 2030 1383 2058 53.
1408 2027 1506 2058 Artes

798 2077 852 2108 liic
879 2077 912 2107 in
938 2077 1085 2117 vulgatis
1113 2077 1312 2117 legebatur:
1339 2076 1506 2118 quomodo

799 2132 833 2158 et
849 2132 984 2158 veteres
1011 2128 1109 2158 multi
1132 2137 1207 2158 cum
1225 2128 1324 2168 prim.
1337 2127 1451 2158 Vatic.
1468 2130 1507 2157 nt

799 2189 941 2209 erronum
955 2182 1040 2209 artes
1064 2178 1178 2217 dicat3
1204 2179 1371 2220 quomodo
1395 2178 1508 2218 Silius,

800 2229 887 2260 libro
918 2238 967 2260 tv.
1006 2231 1014 2247 ‘
1034 2228 1105 2260 Aut
1135 2230 1182 2260 illi
1213 2230 1352 2261 dextros
1382 2229 1507 2260 lunatis

801 2278 946 2310 flexibus
964 2280 1075 2320 orbes,
1102 2280 1172 2312 Aut
1189 2281 1238 2311 illi
1254 2281 1356 2312 laevos
1372 2281 1509 2312 sinuant

802 2331 836 2361 in
853 2340 982 2361 cornua
997 2340 1107 2370 gyros
1140 2331 1280 2362 Texuut
1294 2332 1427 2362 alterno
1440 2332 1510 2372 glo-

802 2385 934 2412 merata
950 2381 1119 2411 volumina
1133 2391 1245 2421 cursu,
1261 2382 1374 2423 Atque
1390 2383 1509 2413 eadem

802 2430 917 2471 refuga
933 2431 1096 2462 cedentes
1113 2436 1185 2462 arte
1210 2432 1407 2463 resolvunt.’
1453 2432 1510 2463 Ita

802 2482 1030 2512 scribendum.
1077 2482 1254 2513 Claverius
1281 2492 1324 2513 ex
1348 2483 1415 2514 suis
1439 2483 1509 2522 pul-

801 2532 891 2562 chras
916 2541 1056 2562 errorum
1082 2532 1182 2562 acies:
1217 2532 1384 2573 quomodo
1408 2538 1443 2562 et
1467 2540 1510 2561 ex

804 2583 932 2613 nostris
949 2588 1093 2623 quatuor
1110 2587 1167 2613 aut
1185 2583 1333 2623 quinque
1349 2593 1356 2620 ;
1382 2590 1446 2623 quo
1463 2580 1509 2610 al·

804 2633 928 2664 ludunt
944 2638 1078 2664 veteres
1095 2633 1244 2672 plurimi,
1270 2633 1304 2663 in
1326 2632 1445 2673 quibus
1460 2638 1511 2659 m·-

805 2693 863 2713 ces.
909 2683 978 2714 Sed
1006 2686 1091 2714 artes
1122 2684 1196 2713 loco
1226 2681 1410 2714 movendas
1440 2687 1512 2709 nou

807 2742 881 2763 esse
900 2742 1034 2764 censeo.
1057 2733 1102 2764 D.
1119 2732 1232 2764 Heius.

1365 2781 1425 2813 51
