1859 3148
346 120 459 163 1732
535 130 677 162 NOTAE
709 128 972 161 vAmoRUM
1004 128 1057 160 m
1091 129 1166 160 ct..
1198 127 1382 161 CLAUD.
1417 128 1613 161 Lxxxv.

952 287 1194 332 LXXXI.

827 420 897 461 31.
946 417 1019 461 Ad
1051 419 1315 462 AEternalem.

389 546 406 573 3
433 540 580 573 Carmina
595 539 681 580 sunt]
706 539 799 571 Male
816 541 914 579 vulgo
930 541 1040 572 carmi-

343 592 472 629 nascrt.
516 590 650 621 Deinde
668 591 743 631 lego
759 594 788 622 et
804 591 895 622 verbu
912 595 1038 631 negant.

344 640 502 673 Barthius
529 650 571 671 ex
597 640 767 681 Palatino,
798 651 858 672 non
877 641 969 673 verba
987 641 1040 679 fe-

1095 546 1168 573 runt
1186 541 1357 574 communia
1376 542 1485 573 Mum.
1510 542 1551 573 D.
1570 541 1693 573 Heius.

1133 594 1151 621 4
1177 591 1231 621 Sic
1257 601 1304 621 me
1329 601 1411 622 meus
1433 590 1556 632 implet]
1608 592 1788 632 Smyrnaeus

1094 641 1237 672 Lucens.
1259 641 1355 672 Idem.

921 801 1213 845 LXXXIII.

697 926 768 968 33.
803 923 869 965 De
894 922 1099 965 Locusta:
1132 921 1433 978 Fragmentmn.

385 1049 404 1078 2
429 1046 573 1078 Durescit
590 1046 734 1086 amictus]
760 1047 850 1086 Lego
862 1046 1041 1077 succrescit.-

343 1102 417 1138 opt.
444 1097 562 1129 Ambr.
591 1097 749 1128 decrescit.
795 1098 904 1128 Versu
933 1098 1040 1137 primo

347 1148 466 1178 lumina
481 1148 598 1187 surgit,
624 1157 687 1179 non
705 1151 834 1186 surgunt
853 1148 1039 1178 Palatinus.

343 1196 412 1227 l'ro
429 1198 526 1227 medio
535 1197 609 1234 scra
624 1197 740 1226 lumina
757 1200 886 1234 surgunt
905 1196 1038 1234 Vertice,

342 1244 410 1276 sors
443 1245 669 1282 scribendum,
706 1245 805 1274 medio
834 1245 892 1274 duo
926 1254 1039 1274 cornua

341 1297 471 1332 surgunt
495 1294 625 1324 Vertice.
649 1294 691 1323 D.
710 1293 831 1323 Heius.

384 1346 402 1374 3
428 1341 596 1382 Dumique]
632 1341 759 1381 Scripti
784 1341 936 1381 plerique
952 1341 1039 1372 dubi-

340 1394 422 1432 isque
433 1403 443 1423 .·
467 1391 770 1432 L11cens.du11iqne:
786 1392 935 1423 nonnulli
952 1391 1039 1423 dubi-

339 1445 425 1484 isque
440 1443 608 1474 rubentem.
632 1443 739 1474 Idem.

382 1497 402 1525 4
426 1494 539 1524 Parvis
554 1493 657 1524 multis
670 1503 776 1524 acuere
793 1493 933 1534 rubores]
955 1494 1039 1524 Mul-

341 1549 389 1575 eos
403 1544 480 1582 alii;
505 1543 607 1584 idque
625 1543 771 1574 iet-tius:
790 1543 916 1574 Buslid.
930 1553 1039 1584 parum

339 1595 469 1625 multos:
494 1592 580 1623 liber
597 1593 755 1631 Claverii‚
780 1594 903 1632 pariunt
929 1595 1039 1624 multos

338 1654 374 1675 ac
389 1653 458 1674 vere
472 1643 595 1673 colores.
627 1643 731 1683 Lege,
746 1643 887 1682 dumique
901 1643 1039 1674 rubentis

341 1692 529 1735 Cuspidibus
546 1692 674 1734 pariunt
696 1693 806 1723 multos
827 1703 863 1723 ac
886 1703 975 1733 vepre
987 1695 1038 1724 do-

338 1745 426 1776 lores.
465 1743 625 1775 Barthius
641 1742 797 1783 conjicit:
819 1742 977 1782 dubiisque
989 1753 1040 1773 ru-

339 1794 459 1826 bentem
489 1793 674 1834 Cuspidibus
701 1794 951 1832 1·ariant‚J111‘le0
977 1794 1038 1824 vic-

338 1849 416 1886 tore,
429 1846 563 1881 colores;
587 1843 674 1884 quod
701 1853 765 1873 non
795 1843 960 1883 intelligo,
976 1844 1038 1874 nisi

339 1905 433 1927 error
448 1895 555 1926 subsit
571 1894 710 1925 librarii.
756 1894 845 1924 Huic
869 1894 1036 1934 epigram-

338 1946 420 1977 mati
438 1944 679 1987 praefigebatur
699 1945 731 1975 iu
758 1943 926 1975 Vaticano
941 1943 1036 1984 illud,

1097 1054 1145 1076 DE
1162 1044 1322 1075 Duncm:
1345 1043 1355 1060 ‘
1375 1043 1547 1074 Nectareo
1563 1050 1657 1073 muro
1677 1042 1791 1075 dulces

1095 1096 1277 1135 cinguntur
1293 1093 1425 1124 arenae!
1469 1093 1509 1122 In
1527 1091 1645 1122 eodem
1672 1093 1791 1124 codice

1094 1144 1159 1174 duo
1172 1145 1238 1174 alia
1252 1141 1508 1183 epigrammatia
1522 1140 1792 1181 iegebantursub

1093 1193 1206 1231 finem,
1232 1202 1307 1232 quae
1338 1192 1369 1221 in
1401 1191 1543 1230 vulgatis
1568 1200 1634 1221 non
1663 1196 1793 1223 extant.

1093 1242 1238 1274 lucum
1262 1250 1309 1272 DE
1334 1241 1623 1272 H1P1‘0POTAMO:
1657 1242 1666 1258 ‘
1692 1242 1792 1273 Utra-

1095 1302 1159 1332 que
1187 1290 1344 1322 saecundo
1373 1290 1523 1321 nutritur
1554 1290 1668 1321 bellua
1695 1291 1789 1331 Nilo,

1095 1342 1249 1382 Quaeque
1262 1346 1357 1372 vorat
1374 1350 1497 1378 morsu,
1507 1351 1647 1381 quaeque
1660 1341 1720 1371 sub
1733 1351 1791 1373 ore

1093 1390 1230 1423 fremit!
1257 1392 1340 1422 Mox
1357 1401 1422 1422 una
1439 1391 1526 1421 linea
1544 1401 1648 1421 vacua
1663 1391 1791 1431 relicta,

1094 1444 1186 1476 QUAE
1199 1451 1236 1473 m
1255 1450 1377 1472 MENsA
1393 1450 1439 1472 DE
1455 1442 1711 1472 SAnnomoem:
1735 1450 1792 1472 m-

1094 1500 1200 1522 PlDE:
1229 1492 1237 1508 ‘
1258 1492 1378 1522 Mensa
1394 1491 1553 1521 coloratis
1571 1491 1690 1530 aquila*
1704 1492 1791 1521 sinu·

1094 1546 1171 1572 atur
1188 1541 1220 1572 in
1244 1541 1318 1579 alis,
1351 1542 1461 1573 Quam
1492 1538 1583 1570 floris
1614 1540 1792 1580 distinguit

1090 1592 1207 1630 honos,
1223 1592 1406 1631 similisque
1420 1590 1537 1630 figurae
1550 1591 1713 1621 Texitur:
1732 1590 1791 1621 im-

1092 1642 1240 1682 plumem
1268 1641 1432 1672 mentitur
1454 1650 1585 1680 gemma
1617 1640 1790 1672 volatum!

1093 1691 1215 1723 Qualia
1230 1691 1326 1731 plura
1343 1690 1374 1721 in
1387 1690 1444 1720 illo
1473 1689 1695 1721 occurrebant
1724 1700 1791 1723 non

1091 1752 1221 1783 magnae
1240 1742 1298 1773 rei.
1343 1742 1384 1772 In
1402 1742 1501 1772 titulo
1526 1742 1789 1781 Epigrammaus

1092 1803 1153 1833 pro
1171 1793 1259 1825 QL'AE
1286 1792 1465 1833 legendum
1483 1791 1642 1825 Αθυιωι.
1691 1792 1789 1823 Inve-

1092 1847 1188 1874 nerat
1205 1843 1278 1873 haec
1299 1842 1543 1882 epigraminata
1575 1842 1607 1873 in
1636 1843 1789 1883 anacia-

1091 1893 1141 1923 nis
1159 1903 1290 1933 quoque
1309 1892 1442 1924 schedis
1457 1893 1652 1924 Ciaverins:
1671 1894 1702 1924 iu
1719 1893 1789 1936 qui-

1091 1943 1151 1975 bus
1167 1943 1452 1986 sitniliquefigura.
1478 1944 1583 1976 Idem.

932 2127 1192 2170 LXXXV.

649 2251 719 2291 35.

382 2369 446 2400 ITA
477 2369 608 2409 scripti.
653 2370 782 2401 Insulse
807 2375 912 2411 portus
943 2371 1033 2402 Zari-

337 2419 439 2450 nemis
469 2425 547 2450 ante
569 2420 756 2460 legebatur,
781 2430 839 2460 pro
865 2430 931 2462 quo
952 2422 1033 2452 Bar-

339 2469 426 2499 thius
440 2468 632 2501 Suroncusis.
650 2472 820 2501 Carteruni
840 2471 946 2510 primo
960 2481 1031 2501 ver-

335 2528 374 2549 su
390 2518 509 2558 opinor
522 2529 594 2550 esse
607 2520 818 2551 scribendum
834 2531 841 2550 z
860 2521 954 2551 Urbis
962 2532 1030 2552 con-

332 2571 467 2609 spectum
485 2572 627 2600 montana
648 2571 805 2601 cacumina
826 2571 946 2607 ecloum
969 2581 1030 2611 pro

337 2627 404 2659 quo
420 2618 569 2659 vulgati:
600 2619 682 2651 Urbs
707 2621 740 2650 in
765 2625 920 2661 conspectu
947 2632 1029 2652 mon-

335 2671 409 2699 tana
424 2668 580 2701 cacumina
589 2671 685 2702 velat.-
699 2671 787 2702 iuter
797 2676 927 2704 montes
941 2671 1029 2703 euim

772 2248 1001 2304 Descriptio
1023 2248 1178 2299 Portus
1203 2248 1469 2304 Smyrnensz's.

1088 2370 1152 2401 sita
1167 2370 1322 2410 Smyrna,
1337 2373 1371 2400 et
1388 2368 1511 2400 deiude
1525 2370 1570 2399 sic
1584 2373 1779 2401 exarmatum

1087 2430 1151 2451 nou
1169 2421 1230 2451 ln'c.
1256 2421 1300 2450 D.
1320 2420 1440 2450 Heius.

1128 2474 1147 2502 2
1175 2470 1348 2509 l‘roetcnta]
1394 2471 1580 2508 Παθητικῶς.
1608 2471 1670 2501 Cui
1693 2480 1782 2501 mare

1084 2522 1293 2553 obtenditur.
1332 2522 1509 2553 Illustrant
1527 2522 1685 2562 exempla
1703 2522 1781 2553 alibi

1083 2571 1175 2603 data.
1202 2571 1315 2603 Barth.

1126 2625 1144 2652 3
1170 2622 1336 2653 Removcnt
1352 2621 1559 2662 aquilonibus]
1594 2620 1648 2654 Ab
1664 2622 1702 2653 iis
1727 2621 1779 2654 ab·

1084 2673 1264 2712 scendunt,
1284 2676 1450 2705 tutantur.
1474 2674 1572 2705 Idem.
