1763 3116
512 166 945 199 GlGAN'l'OMACHlA.

10 276 86 308 qum
116 266 193 298 huic
226 264 396 306 poijniatio
419 271 485 294 non
511 270 595 292 vana
627 268 706 290 con-

1 318 143 357 jectura
180 314 353 347 accenseri
383 311 524 353 possint.
584 309 705 341 Graece

10 367 146 408 quidem
178 362 490 406 Gigantomachiam
529 359 705 400 scripsisse

13 419 233 449 Claudianum
261 415 358 447 testis
385 414 474 444 omni
501 412 706 452 exceptione

11 470 118 510 major
143 466 306 499 Arsenius
329 465 361 494 in
389 461 707 504 Apophthegmatis,

11 529 53 549 ex
71 528 134 560 qno
159 516 386 556 fragmentum
412 514 512 555 primi
539 512 707 544 edendum

10 567 212 599 curavimus.
257 565 385 597 Noster
408 565 481 605 ipse
498 562 706 594 Praefatione

10 627 60 649 vr.
77 618 175 649 Cons.
192 616 282 647 Hon.
305 616 314 632 ‘
334 614 524 646 Enceladus
541 612 619 643 milii
636 622 708 642 car-

11 676 86 698 men
104 670 178 698 erat
192 666 391 706 vinctusque
402 662 609 704 Typhoeus.'
628 662 711 701 Ejus

12 717 308 759 Gigantomachiae
326 714 505 756 partemin
519 713 634 744 Sicilia
650 722 709 743 suo

10 774 164 809 tempore
187 768 357 798 inventam
390 766 439 796 vir
466 774 614 795 summus
644 763 709 793 Pe-

10 825 81 849 trus
97 817 245 849 Renibus
263 816 406 848 affirmat
417 815 571 855 Epistola
584 813 625 844 ad
642 812 710 843 An-

10 871 122 908 gelum
151 869 369 900 Politianum.
414 866 530 897 Verba
554 865 628 904 ejus
651 874 709 904 ap·

10 929 132 959 ponam
149 931 156 949 :
181 921 189 935 ‘
205 918 398 949 Reddidere
421 917 500 947 mihi
515 915 709 947 Sicilienses

10 969 239 1009 negotiatores
269 967 441 998 codicillos
467 972 555 1004 tuos,
586 964 708 1005 quibus

8 1018 162 1059 petebas,
193 1022 231 1048 ut
258 1017 521 1048 Constantinum
553 1015 708 1046 conveni-

11 1079 92 1108 rem,
108 1073 210 1108 atque
228 1068 270 1098 ab
294 1077 334 1098 eo
356 1066 419 1098 tibi
443 1065 620 1097 Claudiani
649 1064 708 1094 Gi-

12 1118 295 1157 gantomachiam,
326 1126 425 1157 quam
455 1115 583 1146 habere
615 1113 708 1144 illum

10 1168 177 1208 audieras,
189 1167 431 1208 impetrarem!
448 1167 491 1197 Et
504 1175 601 1196 mox:
620 1165 709 1195 ‘Ve-

10 1229 81 1249 rum
100 1229 197 1259 quam
208 1218 310 1249 habet
324 1217 568 1248 Constantinus
583 1216 710 1255 Gigan-

11 1270 227 1308 tomachiam,
255 1278 294 1298 ea
321 1267 434 1308 potius
466 1265 711 1296 blattomacbia

11 1326 74 1351 est.
116 1320 251 1351 Etenim
269 1319 363 1349 annis
378 1316 620 1357 superioribus,
633 1315 711 1345 dum

10 1371 100 1402 inter
118 1374 269 1401 vetustos
287 1379 325 1400 ac
346 1369 416 1408 jam
435 1376 540 1407 prope
567 1363 711 1396 defletos

9 1420 127 1460 libros,
155 1430 238 1461 quos
256 1420 285 1451 ci
303 1429 369 1449 non
386 1419 506 1449 doctus
521 1417 618 1447 homo
643 1415 713 1456 qui·

12 1470 88 1502 dam
113 1471 200 1501 dono
225 1469 378 1507 dederat,
403 1467 533 1508 singula
564 1467 635 1506 ipse
658 1466 712 1505 (ut

12 1520 63 1551 sui
85 1521 186 1550 moris
211 1519 278 1559 est)
301 1519 486 1558 diligenter
516 1517 713 1556 inspiceret,

12 1580 87 1601 cum
101 1569 244 1600 Hesiodi
262 1567 464 1608 fragmentis
479 1567 511 1597 in
525 1566 644 1597 charta
656 1575 713 1595 ex·

13 1625 131 1650 tremae
167 1619 298 1660 paginae
338 1617 504 1658 proxima,
535 1615 711 1646 Claudiani

13 1671 305 1711 Gigantomachia)
339 1670 474 1700 titulum
508 1668 649 1708 reperit,
678 1673 714 1697 et

16 1721 175 1761 pauculos
208 1719 441 1751 tantummodo
477 1719 713 1755 hexametros3

15 1776 84 1802 tum
103 1771 243 1801 alteram
271 1770 390 1800 iterum
407 1769 571 1807 chartam,
597 1769 629 1798 in
647 1777 714 1808 qua

14 1831 96 1862 opus
113 1820 305 1851 desinebat.
328 1825 453 1850 caetera
481 1819 583 1850 tineae
612 1818 715 1858 depo-

15 1871 228 1911 pulaverant,
246 1871 294 1900 ita
315 1875 351 1900 ut
377 1870 443 1909 legi
461 1879 527 1900 non
553 1872 712 1909 possent:

13 1922 84 1952 haec
100 1931 235 1962 quoque
267 1921 339 1961 ipsa
366 1924 530 1960 corrupta
553 1924 588 1950 et
612 1918 716 1950 infida

13 1972 107 2011 satis,
122 1977 158 2003 ut
177 1981 251 2012 quae
265 1971 306 2002 ab
328 1970 473 2001 indoctis
490 1969 635 2000 librariis
659 1969 716 1999 de-

15 2022 216 2052 scribuntur.
262 2021 371 2061 Igitur
387 2031 463 2062 quae
477 2021 590 2060 habui,
616 2021 663 2051 ita
678 2023 715 2051 ut

15 2076 123 2110 erant,
145 2072 223 2101 huic
241 2072 393 2111 epistolae
412 2071 587 2101 subtexui:
613 2080 716 2111 quan—

15 2132 116 2162 quam
137 2122 171 2151 in
189 2122 253 2151 illis
269 2122 362 2161 ipsis,
379 2131 451 2161 quae
469 2121 719 2159 desiderantur,

15 2182 82 2202 non
100 2171 198 2202 valde
213 2173 352 2202 multum
365 2172 547 2201 amisimus.
573 2171 658 2201 Nam
676 2180 718 2202 ex

18 2232 172 2253 versuum
188 2232 342 2261 nantem,
359 2231 456 2261 quem
473 2222 557 2251 eoin
573 2221 659 2251 libro
675 2221 719 2251 ei-

18 2281 80 2313 que
108 2273 203 2312 operi
236 2273 390 2303 librarius
421 2272 634 2312 supputavit,
660 2271 718 2301 Gi-

17 2323 280 2361 guntoni-achiam
330 2332 462 2353 omnem
512 2321 718 2352 carminibus

17 2380 119 2402 (ΧΗ.
133 2377 287 2402 constare
305 2377 414 2403 tumet
429 2371 577 2402 videbis:
596 2376 632 2402 ut
646 2380 717 2401 cre-

19 2421 124 2451 dibile
134 2421 229 2460 plane
240 2422 295 2461 sit,
308 2422 581 2453 Claudianumeo
593 2422 624 2452 in
640 2421 718 2462 poe-

20 2477 109 2501 mate
154 2472 397 2502 conscribendo
436 2472 552 2503 lusisse
591 2473 717 2512 potius,

20 2531 120 2561 quam
135 2522 236 2551 ullum
255 2521 371 2552 Po‘etae
386 2522 449 2553 sibi
462 2531 581 2552 nomen
599 2522 717 2562 quaesi-

21 2570 132 2601 visse.¹
166 2571 252 2601 Haec
271 2571 428 2602 Bembus.
445 2581 519 2611 quae
536 2572 622 2602 curis
639 2581 718 2611 quo-

23 2630 88 2662 que
105 2621 260 2651 secundis
278 2631 296 2651 a
312 2621 452 2652 Bartliio
468 2622 719 2661 observata‚uti

22 2676 56 2702 et
71 2670 113 2701 de
127 2669 317 2711 fragmento
327 2670 617 2715 Gigantomacbiae
631 2671 721 2712 apud

1346 153 1456 196 1679

757 258 936 288 Arsenium
952 260 1119 296 exstante,
1132 265 1225 286 serus
1237 255 1456 296 deprehendi.

758 309 802 338 D.
824 308 933 339 Heius.

801 358 948 389 Politum
969 357 1051 387 satis
1081 357 1239 395 Carmen,
1255 355 1468 396 dignumque

758 409 910 440 feliciore
924 408 1031 447 exitu,
1059 407 1116 437 sed
1135 406 1279 436 materia
1301 405 1460 444 vulgaris.

758 458 909 499 Ideoque
927 457 1017 488 nulla
1029 457 1206 497 diligentia
1222 454 1460 496 comparabilis

759 510 906 541 caeteris.

803 565 819 592 l
848 562 944 592 Terra
957 560 1084 602 parens]
1128 560 1305 600 Πηλήγονοι
1333 560 1458 600 Gigan-

761 617 824 643 tes.

806 662 986 693 Coelestilms
1000 662 1105 693 invida
1118 660 1236 701 regnis]
1275 661 1325 691 Ex
1355 660 1460 690 Terra

761 718 796 745 et
810 715 954 744 Tartaro
968 719 1065 744 natos
1083 712 1250 753 Gigantas
1267 716 1362 742 notat
1388 711 1460 752 Hy-

762 764 869 803 ginus,
885 773 1046 794 consensu
1060 763 1177 794 nostri.
1207 763 1390 802 Gigantum
1404 770 1462 792 au-

762 819 830 843 tem
847 813 984 851 bellum,
1001 813 1137 844 minime
1161 813 1233 843 Diis
1260 812 1360 843 facile
1383 821 1461 852 pro·

758 861 880 903 ssigari,
904 868 940 893 ut
958 864 1060 895 etiam
1090 865 1340 903 praecipuorum
1370 863 1460 893 inter

760 922 816 943 eos
833 914 934 954 aliqui
951 914 1152 944 interierint.
1178 914 1293 943 Barth.

803 966 822 993 2
849 964 1055 1003 Titanumque
1083 963 1189 1002 simul]
1254 963 1330 994 Jarn
1370 962 1458 993 enirn

759 1011 865 1042 vincti
882 1016 979 1042 erant
995 1012 1084 1050 apud
1112 1011 1249 1042 inferos.
1294 1011 1363 1041 Ubi
1386 1020 1461 1051 per-

760 1067 864 1101 petuo
881 1061 1009 1092 servari
1022 1061 1250 1102 fingebantur.
1276 1059 1375 1090 Idem.

805 1112 960 1143 Miserata
976 1111 1110 1151 dolores]
1154 1111 1290 1141 Labores
1319 1110 1464 1141 Rotten-

762 1162 969 1202 dorphianus
987 1171 1048 1202 pro
1066 1161 1200 1192 diversa
1216 1160 1378 1192 lectione.
1415 1159 1459 1190 D.

763 1213 876 1243 Heius.

806 1265 823 1292 3
852 1263 987 1293 Tartara
995 1261 1094 1301 fatu]
1120 1262 1196 1292 Non
1211 1265 1289 1292 coetu
1303 1261 1462 1292 meliores

763 1312 904 1352 scripti:
930 1312 1017 1342 vidit
1035 1312 1299 1351 Raphelengius‚
1326 1312 1359 1342 in
1385 1320 1463 1342 cou-

765 1364 869 1395 traria
885 1370 988 1394 eunte
1005 1363 1158 1394 Barthio.
1183 1363 1280 1394 Idem.

794 1413 898 1453 Coetu]
917 1414 1033 1452 Coetus,
1045 1413 1259 1451 concubitus,
1274 1422 1372 1453 quem
1384 1413 1465 1443 dex-

764 1467 816 1494 tre
834 1464 885 1493 bic
909 1463 987 1502 poni
1013 1463 1114 1493 docet
1130 1472 1195 1493 vox
1219 1463 1366 1502 genitura
1389 1472 1463 1503 quae

764 1514 879 1544 statim
893 1513 1059 1552 imminet,
1072 1513 1216 1543 absurde
1233 1514 1321 1544 enim
1335 1513 1466 1553 genitu-

764 1574 801 1594 ra
819 1564 944 1594 dicitur
956 1569 1076 1602 mater,
1091 1563 1265 1604 foetujam,
1277 1573 1384 1604 eoque
1395 1568 1465 1594 tam

764 1616 868 1656 vario,
884 1615 1070 1645 nominato.
1116 1614 1295 1644 Sententia
1314 1618 1379 1653 est,
1404 1623 1466 1653 per

765 1670 874 1696 totum
911 1666 1088 1695 Tartarum
1128 1663 1286 1694 monstris
1325 1663 1468 1703 gignun-

765 1715 816 1745 dis
840 1714 1051 1745 conditiones
1068 1714 1263 1755 quaesivisse
1285 1713 1466 1745 Tellurem.

766 1765 882 1796 Barth.

807 1817 826 1844 4
853 1813 965 1853 Nefas]
991 1813 1134 1854 Impiam
1149 1812 1296 1844 sobolem
1314 1813 1346 1843 in
1362 1813 1467 1844 Deos.

809 1865 1039 1904 Phlegramque
1067 1863 1198 1902 retexit]
1245 1863 1318 1893 Imo
1347 1861 1469 1894 funda-

767 1916 855 1946 mine
874 1915 975 1955 eruit,
999 1914 1226 1955 producendis
1250 1914 1468 1954 Gigantibus.

768 1966 885 1996 Barth.

810 2020 827 2046 5
854 2015 983 2055 Hostes]
1020 2015 1176 2053 AEtlieris,
1193 2015 1226 2045 in
1243 2023 1341 2056 quem
1358 2011 1470 2054 profe-

769 2066 943 2096 rebantur.
970 2066 1065 2096 Idem.

811 2118 831 2146 6
855 2115 909 2146 Fit
939 2115 1047 2154 sonus]
1086 2115 1271 2155 Repentini
1303 2114 1469 2146 tumultus

769 2166 941 2197 indicium.

814 2217 990 2257 Erumpunt
1008 2215 1133 2256 Crebri]
1173 2215 1344 2246 Adrianus
1360 2215 1471 2246 Beho-

771 2267 836 2298 tius
866 2268 980 2306 legere
1005 2267 1133 2296 mavult
1160 2269 1321 2307 erumpunt
1352 2265 1473 2296 Erebo:

770 2317 907 2347 minime
925 2318 1022 2355 male,
1038 2326 1111 2346 cum
1132 2317 1242 2356 paullo
1272 2322 1350 2347 ante
1371 2315 1473 2347 crebri

771 2377 834 2397 vox
849 2372 1011 2407 usurpata
1025 2368 1081 2397 sit.
1117 2367 1248 2406 Eruptio
1265 2372 1378 2396 antem
1395 2375 1473 2397 cou-

769 2427 850 2457 grua
867 2418 1026 2447 tumultui
1043 2423 1276 2447 monstrorum.
1302 2416 1416 2448 Barth.

799 2470 971 2509 Erumpunt
986 2468 1101 2508 crebri]
1120 2468 1235 2499 Crebro
1245 2474 1379 2499 veteres
1392 2477 1474 2499 non-

771 2520 865 2558 nulli,
878 2530 953 2550 cum
971 2521 1077 2559 primo
1094 2520 1282 2558 Vatican03
1302 2520 1377 2559 lege
1394 2519 1473 2549 Ere-

769 2570 826 2605 bo;
860 2571 993 2600 namin
1021 2569 1220 2600 Buslidiano
1252 2568 1371 2604 Erebi;
1394 2577 1474 2608 quo-

770 2621 871 2651 modo
888 2621 921 2651 in
939 2620 1174 2661 Apophoretis
1192 2619 1376 2649 Bchotium
1401 2625 1472 2647 cas-

771 2671 897 2712 tigasse
911 2680 1006 2702 serus
1019 2669 1152 2711 agnovi.
1181 2667 1316 2700 Deinde
1331 2666 1472 2698 necdum·
