1763 3116
328 154 390 183 DE
423 150 586 182 RAP'rU
621 145 946 178 PROSERPINAE
981 146 1073 176 [ΑΒ.
1107 145 1157 175 11.

18 247 181 279 diffusius.
210 248 250 279 D.
269 246 381 277 Heius.

60 302 99 329 75
119 297 276 337 Assiduis]
299 298 421 327 Locum
439 292 527 323 enim
544 300 618 322 eum
635 299 718 320 sem-

17 359 78 390 per
95 348 231 380 floribus
252 350 398 378 comtum
421 342 622 378 credebant,
637 350 718 370 nnn-

17 409 116 440 quam
134 397 312 428 deficiente
330 392 553 424 successione.
579 390 695 420 Barth.

61 452 101 478 79
125 444 310 483 I’ubescant]
345 444 429 474 Quae
455 451 541 472 novo
567 440 717 480 germine

17 497 188 527 luxuriant
202 495 361 535 pubescere
377 492 547 522 dicuntur.

61 547 228 576 Pubescant
245 544 379 581 rirgulta
398 542 485 579 velis,
510 542 558 581 ut]
580 540 718 571 Vatica-

17 606 78 627 nus
105 605 188 626 liniis
215 593 362 625 melioris
395 597 507 622 notae:
543 590 718 621 Pubescant

14 647 149 686 virgulta
163 656 253 676 noro.-
271 643 474 682 rutncsertilis
486 641 603 681 Hybla.
622 641 718 671 Idem

15 706 92 728 mox
121 698 207 736 large
232 696 403 733 blanditur,
434 703 501 724 non
527 693 625 731 longe.
670 692 718 722 D.

18 746 137 777 Heius.

61 795 182 836 Hybla]
199 795 456 827 Amoenissimus
474 794 597 824 Siciliae
614 793 719 823 locus.

17 847 132 878 Barth.

60 899 98 926 Sl
127 896 281 935 Quicquid
308 893 486 932 thuriferis]
512 892 612 924 Alter
636 893 719 922 Vos-

17 946 128 976 sianus
153 945 297 982 roriferis
325 945 377 974 vel
394 943 563 984 floriferis,
592 947 719 973 utrum-

19 1005 83 1036 que
113 996 249 1034 vulgato
280 995 383 1024 nihilo
410 992 569 1023 deterius
616 991 720 1021 Ovid.

16 1048 25 1062 ⁶
41 1046 116 1077 Non
129 1044 243 1075 Arabo
257 1049 372 1074 noster
383 1052 457 1074 rore
474 1043 619 1083 capillus
630 1041 721 1072 olet!

17 1097 113 1128 Idem
137 1096 237 1127 alibi:
273 1097 281 1112 ‘
300 1095 415 1126 Thura
440 1093 529 1124 ferat
550 1091 720 1133 floresque

18 1147 100 1178 alios
127 1146 297 1177 Panchaia
326 1145 424 1175 tellus
437 1144 457 1174 τ’
493 1142 660 1184 quomodo
686 1146 722 1173 et

17 1196 224 1237 Sabaeiflores
236 1195 347 1226 Statio
360 1195 497 1226 Pietate
512 1193 721 1224 Abascautii.

19 1247 62 1278 D.
83 1246 194 1277 Heius.

61 1299 103 1327 82
129 1295 298 1336 Quicquid]
321 1297 545 1334 Quocunque.
576 1294 688 1324 Barth.

63 1350 102 1377 83
132 1346 295 1385 [Za-temris]
318 1345 436 1376 Scribe
463 1355 539 1375 cum
568 1343 723 1375 Claverio

19 1397 163 1438 aliisque
194 1395 386 1427 melioribus
426 1394 517 1425 libris
553 1394 724 1428 extremis;

18 1447 154 1478 ultimos
169 1447 256 1477 enim
283 1451 384 1477 terrae
400 1446 537 1476 colonos
562 1444 724 1484 loquitur.

20 1500 166 1533 Quidam
184 1504 219 1530 et
234 1498 353 1529 Saboeis
369 1497 494 1528 liabent
511 1505 573 1536 pro
591 1495 724 1526 colonis.

22 1551 119 1581 Idem.

62 1602 136 1633 Ales
159 1603 298 1640 longaeva
322 1598 450 1638 colonis]
483 1597 642 1637 Isiugrin.
667 1596 724 1626 Sa-

23 1651 114 1682 boeis:
138 1653 263 1692 placet.
307 1650 403 1681 Unus
427 1650 548 1679 Petav.
571 1653 606 1678 et
632 1647 725 1678 Med.

21 1703 84 1733 ales
99 1703 253 1741 longaerus
278 1700 392 1738 arenis,
412 1699 444 1729 in
461 1708 526 1739 quo
543 1707 631 1728 verae
662 1697 727 1726 lec-

22 1753 122 1784 tionis
139 1752 286 1792 vestigia
307 1754 485 1791 apparent.
508 1749 553 1779 D.
573 1747 684 1778 Heius.

66 1806 107 1834 84
146 1803 264 1842 Optato
294 1804 434 1840 repetens
461 1798 591 1829 exordia
620 1795 725 1835 soeclo]

24 1853 79 1885 Sic
105 1853 241 1895 quidam
269 1851 422 1882 codices:
461 1849 529 1887 alii,
551 1851 647 1888 partu
673 1846 726 1876 vel

18 1905 107 1944 fato:
130 1904 256 1943 Isingr.
271 1902 380 1939 bust0;
402 1901 507 1931 bene:
533 1904 570 1929 ut
586 1897 667 1928 alibi
683 1897 725 1927 de

24 1954 185 1986 Phoenice
212 1954 360 1984 Noster:
396 1952 404 1968 ⁶
422 1949 616 1991 gaudetque
643 1947 726 1978 mori

23 2003 168 2034 festinus
185 2002 218 2032 in
235 2000 367 2032 ortum.’
410 2000 534 2038 Vulgo,
558 1999 658 2038 optati
681 2007 727 2027 rc-

16 2055 125 2092 ferens
153 2054 280 2085 exordia
309 2053 401 2083 soecli.
447 2051 633 2082 Oxoniens.
661 2059 727 2080 nou

25 2106 114 2137 male
130 2108 238 2136 exacto
250 2106 386 2143 repetens
399 2112 447 2132 ex.
462 2102 562 2132 sacto.
608 2101 729 2131 Posset

27 2161 63 2188 et
87 2159 195 2196 aptato
219 2154 305 2185 busto
331 2153 412 2193 legi,
428 2152 481 2182 vel
508 2153 611 2192 optato
636 2151 727 2180 letho.

26 2206 133 2238 Idem.

71 2259 111 2286 86
139 2256 182 2286 Ut
200 2252 335 2292 merear]
360 2251 520 2282 Meliores
545 2250 622 2281 libri
644 2250 681 2280 τὸ
697 2253 740 2284 ιιεΔ

27 2305 202 2336 omittunt.
230 2305 328 2335 Idem.

71 2358 111 2387 87
138 2356 182 2386 Et
197 2356 310 2385 nostris
333 2353 475 2393 cupiant]
500 2352 620 2382 Petav.
643 2351 730 2390 opti-

30 2417 94 2438 mae
123 2412 212 2437 notae
231 2407 382 2444 foveaut;
415 2410 496 2445 puto
522 2414 583 2444 pro
604 2406 732 2434 voveant

33 2455 248 2493 autsaveaut:
273 2455 439 2496 quomodo
457 2455 601 2485 Ennius:
631 2453 639 2470 ‘
659 2453 732 2484 Ma-

32 2512 138 2538 tronae
166 2516 275 2537 muros
301 2507 472 2546 complent
499 2510 656 2545 spectare
688 2503 732 2534 fa-

33 2556 175 2588 ventes!
215 2557 317 2588 Ovid.
334 2556 444 2596 Epist.
470 2555 583 2595 Hyps.
607 2556 616 2571 ⁴
636 2554 734 2584 Adde

34 2606 123 2648 quod
139 2604 390 2637 adscribit'actis
403 2613 646 2644 procerumque
659 2603 736 2633 tuis-

34 2666 99 2698 que
127 2656 170 2687 Se
197 2654 324 2686 favet:’
360 2658 397 2686 ut
427 2654 461 2684 in
493 2651 737 2685 vetustioribus

1356 136 1465 177 1651

764 240 968 271 membranis
997 238 1135 278 legitur.

767 290 875 322 Idem.

809 343 849 371 88
866 339 1081 378 madidantes]
1101 338 1251 369 Probum
1269 340 1304 368 et
1322 337 1369 367 rei
1387 347 1473 377 prm-

765 393 855 424 senti
872 393 1084 432 aptissimum
1109 391 1262 421 verbum.
1309 389 1471 420 Madiduri

767 443 928 474 dicebant
947 448 1079 474 veteres
1096 441 1185 482 quod
1214 440 1349 471 madore
1366 439 1473 470 conti-

767 503 833 524 nuo
859 493 1018 534 quopiam
1045 492 1216 531 impletur.
1261 490 1318 521 sic
1344 489 1475 520 latitans

768 553 829 583 pro
855 544 1000 581 latente,
1026 547 1059 572 ct
1092 542 1230 572 viridans
1255 550 1316 580 pro
1342 540 1473 570 virente

768 592 913 624 efferunt
933 594 1031 623 Lucr.
1048 597 1081 621 et
1097 591 1193 631 Virg.
1219 591 1335 621 Barth.

811 646 851 674 89
875 642 1029 681 Maritat]
1053 641 1256 678 Foecundat,
1281 641 1373 671 velut
1397 649 1476 670 con-

763 694 862 733 jugio
878 692 1012 723 amabili
1038 693 1135 722 homo
1160 692 1329 722 masculus
1347 690 1476 722 foemel-

768 744 847 774 lam.
885 742 1063 773 Horatius:
1087 742 1095 758 ‘
1115 742 1230 772 adulta
1257 740 1373 771 vitium
1401 749 1478 780 pro-

770 793 895 833 pagine
912 792 1010 822 Altus
1023 792 1161 822 maritat
1179 790 1334 831 populos.
1358 790 1456 820 Idem.

812 847 853 875 90
898 845 1015 875 Vernus
1045 844 1188 883 sequitur
1219 841 1315 882 color]
1351 841 1478 881 Scripti

769 894 882 929 ruham
899 899 936 924 ut
952 894 1060 933 Nupt.
1080 894 1267 923 Celerinae:
1284 892 1293 908 ‘
1310 897 1379 922 tum
1397 900 1477 922 vere

771 945 932 975 rubentes
947 945 1104 984 Desuper
1118 945 1294 974 invertunt
1305 942 1479 973 calathos?

771 995 816 1025 D.
832 995 944 1025 Heius.

815 1047 854 1074 91
892 1044 1057 1083 Medioque
1083 1042 1208 1083 putent]
1242 1043 1365 1072 Totum
1390 1042 1479 1081 quod

771 1094 861 1125 inter
885 1094 1006 1125 coelum
1032 1098 1068 1124 et
1096 1097 1224 1124 terram
1253 1094 1306 1122 est
1331 1091 1482 1122 serenari

773 1145 868 1175 dicit.
896 1145 1013 1175 Barth.

816 1196 982 1235 Mediaque
994 1197 1104 1234 patent
1125 1203 1260 1224 convexa
1275 1191 1394 1231 sereno]
1418 1192 1482 1221 Ar-

774 1249 855 1285 gnte
872 1246 1069 1276 Puteaneus
1086 1246 1275 1284 madidoque.
1299 1244 1428 1275 Noster
1440 1242 1483 1273 de,

774 1295 873 1325 Nilo:
899 1296 908 1311 ‘
925 1295 1093 1334 AEgyptus
1111 1295 1183 1324 sine
1206 1294 1295 1324 nube
1312 1292 1407 1324 ferax
1424 1292 1484 1324 im-

774 1345 920 1385 bresque
931 1354 1068 1375 serenos
1080 1346 1158 1375 Sola
1167 1343 1285 1374 tenet.'
1296 1343 1484 1382 Ennodius,

776 1395 891 1435 Epigr.
905 1403 1026 1426 cxmx.
1043 1396 1051 1412 ‘
1066 1396 1115 1425 En
1130 1394 1200 1424 sine
1218 1394 1307 1424 nube
1321 1392 1408 1433 pluit
1422 1393 1484 1423 sub

777 1445 878 1475 tectis
906 1445 1013 1474 imbre
1041 1453 1174 1483 sereno,
1202 1444 1247 1473 Et
1265 1442 1353 1474 ‘eoeli
1377 1441 1484 1473 facies

776 1504 860 1534 pura
876 1495 1047 1525 ministrat
1062 1493 1188 1534 aquas!
1224 1494 1355 1525 Statius
1371 1493 1487 1524 Satur-

777 1544 931 1575 nalibus:
957 1545 965 1561 ‘
985 1545 1103 1577 Qualis
1129 1553 1188 1584 per
1215 1552 1341 1573 cuneos
1366 1543 1485 1582 hyems

777 1595 916 1626 Latinos
954 1594 1096 1624 Plebem
1131 1592 1293 1632 grandine
1333 1591 1487 1622 concutit

778 1645 929 1676 serenaz’
954 1645 1001 1675 sic
1020 1643 1154 1674 omnino
1171 1641 1401 1679 scribendum,
1421 1649 1486 1670 non

777 1704 935 1726 serenam:
958 1695 1027 1734 agit
1053 1693 1096 1724 de
1125 1692 1300 1732 sparsione
1317 1689 1488 1721 theatrali.

777 1746 901 1776 ludunt
916 1745 950 1775 in
966 1745 1058 1775 hisce
1074 1742 1198 1784 po'etae.
1245 1741 1342 1772 Idem
1360 1739 1488 1770 Statius

778 1795 954 1836 Lacrymis
982 1794 1140 1826 Etrusci:
1165 1793 1174 1809 ‘
1193 1796 1229 1822 tu
1257 1799 1384 1821 messes
1408 1788 1489 1820 Cili-

779 1855 923 1886 cumque
942 1844 1163 1884 Arabumque
1188 1840 1344 1881 superbis
1361 1839 1487 1879 Merge

779 1896 880 1935 rogis.
896 1895 983 1925 ferat
996 1894 1082 1933 ignis
1101 1890 1354 1932 01)esl1aere(li5‚
1367 1893 1402 1919 et
1419 1889 1487 1919 alto

779 1945 918 1985 Aggere
931 1943 1066 1974 missuri
1082 1942 1189 1972 nitido
1203 1941 1258 1980 pia
1273 1939 1389 1970 nubila
1401 1938 1488 1969 coelo

779 1997 960 2035 Stipentur
974 1992 1131 2024 cineres.'
1156 1991 1202 2022 D.
1219 1990 1333 2021 Heius.

822 2049 864 2077 92
903 2044 1051 2077 Vaccinia
1081 2042 1170 2081 nigro
1207 2039 1340 2079 Imbuit]
1380 2038 1489 2070 Induit

781 2106 864 2128 unns
879 2095 1035 2126 Ambros.
1060 2097 1095 2123 et
1123 2094 1269 2122 vetustae
1297 2089 1490 2127 editiones3

782 2151 887 2177 recte.
919 2146 1020 2177 Cous.
1062 2142 1183 2183 Olybr.
1218 2143 1226 2158 ‘
1260 2144 1295 2171 te
1326 2139 1491 2170 messibus

783 2201 884 2228 aestas
912 2194 1068 2226 Induat:’
1099 2198 1132 2224 et
1161 2191 1219 2222 lib.
1243 2200 1266 2222 1.
1294 2191 1328 2221 in
1355 2189 1491 2221 Stilich.

781 2248 789 2262 ‘
817 2247 903 2278 Cum
933 2245 1071 2276 floribus
1100 2252 1240 2284 aequora
1269 2240 1380 2271 vernis
1406 2240 1490 2270 Bos-

783 2299 908 2339 phorus
925 2295 1102 2327 indueret.’
1128 2293 1318 2325 Pentadius
1336 2292 1379 2321 de
1398 2299 1492 2327 vere,

782 2349 790 2365 ‘
816 2347 906 2378 foliis
934 2356 1009 2377 sese
1036 2345 1147 2375 induit
1175 2342 1298 2374 arbor.'
1337 2341 1491 2372 Avienus

784 2397 1032 2437 Prognosticis:
1054 2399 1062 2412 ⁶
1079 2394 1195 2425 Induit
1210 2392 1397 2423 immodicis
1411 2399 1490 2422 cum

786 2453 894 2479 semet
906 2446 1046 2477 floribus
1060 2446 1126 2476 ilex
1140 2444 1159 2483 ς’
1180 2443 1268 2485 quod
1286 2452 1329 2473 ex
1344 2442 1399 2472 illo
1417 2439 1494 2470 Vir-

787 2499 857 2539 gilii
875 2502 1042 2529 sumtum:
1066 2497 1075 2512 ‘
1092 2506 1168 2527 cum
1193 2504 1228 2525 se
1252 2503 1321 2524 nux
1349 2491 1493 2533 plurima

787 2550 879 2581 silvis
895 2549 1021 2580 Iuduet
1035 2549 1068 2579 in
1085 2547 1225 2578 florem?
1250 2546 1348 2576 Idem
1365 2544 1490 2581 Georg.

788 2610 837 2631 ιν.
861 2601 870 2617 ⁴
888 2601 1051 2640 Quotque
1069 2599 1101 2629 iu
1126 2596 1210 2628 flore
1227 2605 1314 2626 novo
1331 2593 1439 2635 pomis
1456 2599 1491 2621 se

787 2651 912 2684 fertilis
938 2651 1038 2683 arbos
1062 2649 1241 2686 Induerat,
1268 2644 1411 2677 totidem
1436 2649 1491 2670 au-

1179 237 1292 278 Vulgo
1313 238 1354 268 Se
1373 240 1467 276 facit.
