1763 3116
526 157 587 187 DF.

95 253 193 284 halis.

71 262 93 294 P
117 306 236 336 Coelata
249 303 370 334 metallo
387 300 515 339 classis]
537 300 634 330 Talia
650 309 765 330 monw

72 360 187 385 menta
201 354 400 385 dicabantur
413 352 447 381 in
464 350 645 389 Capitolio,
657 355 765 380 trans-

72 404 142 435 lata
157 403 350 443 triumphali
367 410 499 441 pompa.
523 401 637 431 Barth.

115 457 177 484 376
198 454 333 484 Auratos
349 451 481 492 fluctus]
517 450 764 491 Auratamfluc—

69 507 134 534 tum
146 503 295 543 plerique
308 512 383 533 cum
397 503 494 542 prim.
509 502 684 532 Vaticano.
699 502 765 532 duo

69 556 209 582 auratum
221 556 358 592 pontum.
388 553 469 583 Mox
488 562 549 592 pro
566 553 651 591 equis
666 553 764 593 prim.

69 601 182 633 Vatic.
193 603 291 642 aquiS,
302 607 336 633 et
349 603 542 643 quindecim
560 603 632 641 alii;
650 608 763 633 recte:

68 662 143 684 nam
154 653 196 683 de
208 653 346 684 Tritone
360 654 482 693 palude
494 653 763 691 intelligendum.

68 703 162 733 Malo
178 703 278 733 etiam
295 704 441 733 trementi
453 713 550 744 (linum
563 707 743 734 trementem
755 714 766 739 ;

70 758 106 783 ut
121 752 209 783 infra
227 753 269 783 de
299 753 360 793 piis
377 753 561 784 fratribus:
587 754 595 769 ‘
610 754 713 783 Fusus
732 754 765 784 in

70 803 215 834 attonito
240 803 356 843 palluit
373 813 438 833 tere
457 803 603 833 trcmor.¹
655 804 765 842 Silius,

69 853 128 885 lib.
144 863 166 884 1.
196 853 204 870 ‘
222 859 314 884 stant
344 863 509 883 marmore
537 859 655 884 maesto
686 853 765 884 Effi-

69 903 139 942 gies
155 903 175 932 :'
197 912 263 933 non
281 906 394 933 moestoe
410 903 518 934 codex
536 904 697 943 optimus.
722 904 764 935 D.

68 952 182 983 Heius.

109 1005 170 1033 377
197 1003 336 1043 Oppida]
375 1002 482 1041 Auro,
510 1007 661 1042 argento,
686 1012 766 1042 aere,

67 1052 182 1090 ebore,
199 1053 285 1083 citro
303 1052 496 1093 aliquando,
520 1051 615 1091 ficta,
632 1053 763 1083 caelata.

68 1103 184 1133 Barth.

108 1155 170 1183 378
195 1153 409 1194 Palladiaque]

64 1201 198 1234 innexa.
224 1203 321 1234 Idem.

109 1254 170 1284 384
195 1253 279 1283 Nam
292 1253 439 1293 proesens]
465 1254 517 1284 Sic
529 1253 615 1284 bene
631 1264 672 1283 cx
688 1264 766 1285 con-

61 1301 201 1341 jectum
215 1303 487 1343 Raplielengius:
507 1303 684 1334 confirmat
702 1304 768 1343 pri-

66 1361 138 1382 mus
155 1353 351 1384 Vaticanus.
376 1353 420 1383 D.
441 1353 549 1385 Heius.

109 1404 171 1432 336
199 1402 262 1432 Tua
280 1407 310 1433 te
325 1402 485 1440 benefacta
502 1407 669 1434 morantem
688 1404 766 1434 Con-

66 1451 206 1490 veniunt]
239 1452 315 1483 Hoc
342 1458 406 1492 cst,
433 1454 661 1494 alloquuntur,
678 1464 766 1485 com-

64 1501 204 1541 pellant,
228 1502 443 1532 convincunt.
468 1503 583 1533 Barth.

113 1553 172 1581 387
201 1551 386 1591 Meritisque
414 1552 478 1582 suis
506 1553 638 1584 obnoxia
667 1554 766 1586 virtus

67 1601 155 1636 Quod
189 1602 323 1632 servarit
351 1603 450 1643 amat]
537 1603 557 1611 ⁷⁴
675 1610 766 1636 amat

463 1152 576 1193 Oliva,
609 1153 764 1184 arundini

516 1604 635 1634 Wirtus

64 1650 154 1690 quod
168 1652 328 1690 servavit,
340 1652 429 1691 huic,
441 1653 588 1694 alioquin
602 1654 696 1695 nulli,
709 1654 765 1685 ob·

63 1701 164 1732 noxia
184 1701 348 1733 adfectui.
374 1703 471 1734 Idem.

107 1752 292 1792 Meritisque
307 1752 384 1793 suis]
436 1754 510 1784 Tuis
542 1754 700 1794 Isiugrin.
729 1759 766 1785 et

63 1804 134 1832 tres
150 1802 219 1833 alii.
265 1803 393 1834 Nescio
410 1813 451 1834 an
470 1804 549 1844 jure
567 1805 764 1835 damnatum

61 1861 80 1883 a
108 1852 260 1883 Barthio.
316 1853 398 1884 Mox
426 1863 499 1893 quos
523 1855 671 1893 servavit,
696 1864 764 1885 non

62 1903 152 1942 quod,
167 1903 266 1942 prim.
280 1908 315 1934 et
330 1907 408 1935 tert.
424 1905 582 1935 Vatican.
597 1910 765 1946 excerpta

62 1952 308 1993 Pomponiana,
335 1958 371 1985 et
385 1956 535 1986 nonnulli
554 1957 630 1995 alii,
656 1956 763 1987 bene:

64 2002 173 2033 codex
215 2005 340 2045 Regius
378 2016 487 2045 quem.-
520 2016 604 2037 unus
634 2007 763 2039 Medic.

65 2062 177 2091 quam.-
207 2058 245 2084 nt
275 2055 418 2095 seipsam
450 2057 558 2088 Roma
585 2057 764 2098 designet;

64 2106 194 2142 argute.
217 2103 263 2134 D.
282 2104 393 2136 Heius.

108 2155 172 2183 389
197 2154 359 2194 Gargara]
400 2156 507 2187 Horae
525 2157 604 2187 anni
623 2157 767 2189 Poetica

62 2204 209 2281 fetatio.
256 2206 411 2246 Gargara
427 2208 520 2239 locus
536 2209 657 2250 Mysiae
675 2209 767 2241 ferti-

77 2251 221 2286 issimus.
246 2255 336 2286 Vide
353 2256 582 2300 Macrobinm,
597 2260 767 2291 Saturnal-

62 2301 123 2334 lib.
140 2313 173 2335 v.
193 2314 268 2345 cap.
286 2309 339 2337 20.
368 2306 480 2338 Barth.

108 2355 170 2383 390
193 2354 409 2396 Spectatosque
423 2357 534 2388 iterum
547 2359 638 2399 nulli]
654 2359 766 2391 Ludos

66 2403 233 2435 ‹eculares
259 2405 343 2438 dicit
372 2416 415 2437 cx
444 2406 590 2439 formula
605 2413 671 2450 qua
688 2420 766 2451 pro-

68 2449 310 2486 clamabantur.
334 2455 431 2487 Idem.

111 2499 342 2544 Spectatosque]
396 2506 490 2537 Malo
531 2511 766 2551 spectandosque

68 2558 143 2579 cum
160 2560 224 2581 uno
241 2552 408 2586 Mediceo.
430 2556 474 2587 D.
492 2557 605 2588 Heius.

107 2604 167 2631 391
195 2602 416 2645 Circunzflexa]
440 2606 481 2637 In
498 2618 532 2637 se
551 2608 744 2642 redeuntia.

108 2654 169 2682 394
195 2652 330 2692 Tropaei]
374 2655 501 2687 Statuti
518 2658 607 2688 intra
622 2660 765 2692 Urbem.

65 2702 185 2734 Noluit
209 2703 414 2744 triumphum
432 2705 547 2739 diccrc
571 2709 615 2740 ob
633 2710 766 2743 civilem

623 156 683 185 Vl.
714 155 852 185 CONS·
884 154 1070 185 HONOR.

1402 146 1513 188 1593

815 249 1024 288 sanguinem.
1048 248 1167 279 Barth.

861 299 998 339 Tropoei]
1046 300 1183 339 Tropaez‘s
1204 299 1329 330 rectius
1347 308 1423 330 cum
1449 310 1516 332 uno

814 350 987 381 Mediceo.
1014 351 1058 381 D.
1078 351 1192 381 Heius.

858 404 920 431 398
945 401 1064 432 Facere
1086 401 1243 441 tyrannis]
1271 401 1375 431 Prim.
1403 400 1517 432 Vatic-

816 450 924 481 Oiscl.
942 455 977 481 et
994 451 1082 482 alter
1098 451 1225 482 Mureti
1241 451 1357 490 periere
1368 450 1517 490 tyranni,-

815 501 915 531 etiam
949 501 1146 532 Pricaeanus
1179 512 1197 532 a
1227 511 1326 531 manu
1359 500 1518 541 secunda,

816 551 904 590 quod
934 559 1050 581 verum
1081 555 1172 590 puto.
1227 552 1311 581 Mox
1340 554 1427 591 patet
1454 560 1516 591 pro

812 602 903 639 putat
920 609 994 630 cum
1011 600 1148 640 scriptis
1170 600 1381 641 quibusdam.
1419 600 1516 631 Idem.

861 649 976 680 Favere
991 651 1149 690 tyrannis]
1189 651 1281 682 Quos
1313 650 1359 680 illi
1386 650 1518 681 occide-

817 705 893 731 rant
910 701 998 731 cives
1015 701 1092 740 mei,
1106 702 1221 732 dicere
1238 702 1322 732 vult.
1348 701 1465 731 Barth.

859 753 922 780 399
947 752 1023 781 Cum
1040 751 1163 782 Gallica
1176 751 1392 791 1·ulgo]Sa‘pe
1410 751 1516 791 primo

817 811 869 831 res
881 813 1015 833 suorum
1031 804 1202 835 Caesarum
1220 809 1390 844 exaequat.
1417 804 1515 835 Idem.

859 856 921 883 400
958 854 1141 884 Pharsalica
1181 855 1300 895 Caesar]
1352 854 1518 885 Pharsalia

817 902 992 932 meliores:
1020 907 1058 933 ut
1079 908 1177 943 nupt.
1196 903 1286 934 Hon.
1313 905 1322 921 ⁴
1342 904 1518 934 Pharsalia

817 961 893 981 rura
907 953 1095 983 Pervolatz'
1113 959 1147 983 et
1159 953 1248 994 apud
1259 955 1382 984 Catuli.
1393 955 1401 971 ‘
1414 954 1520 984 Phar-

815 1001 896 1030 salia
914 1006 1008 1031 tecta
1022 1001 1267 1043 frequentant)
1290 1004 1334 1034 D.
1353 1003 1481 1039 Heim„

857 1054 920 1082 402
946 1053 1121 1092 Numquam
1136 1052 1243 1083 vicisse
1258 1053 1414 1092 decorum]
1444 1053 1519 1084 Imo

815 1100 848 1131 in
886 1101 1015 1139 vetitis,
1039 1106 1227 1142 contraque
1256 1103 1378 1143 Leges,
1407 1107 1519 1133 certa-

815 1150 971 1189 minibus,
998 1150 1146 1182 deterior
1177 1156 1229 1182 est
1253 1151 1310 1193 qui
1343 1151 1450 1182 vincit
1477 1160 1517 1182 eo

817 1201 873 1242 qui
889 1206 1080 1241 superatur.
1109 1202 1225 1234 Barth.

858 1253 919 1281 404
950 1251 1073 1291 Verior]
1095 1251 1237 1283 Justior.

860 1300 1025 1339 Fructum]
1050 1301 1336 1332 Delectationem.
1368 1302 1517 1333 Furorem

816 1355 916 1381 vocat
932 1351 1055 1391 saepins
1080 1352 1240 1392 quicquid
1264 1357 1384 1384 contra
1401 1354 1516 1386 Romae

817 1401 1031 1440 majestatem
1045 1400 1096 1431 fit.
1121 1401 1236 1432 Barth.

857 1454 918 1480 405
945 1451 1132 1491 Desuetum]
1168 1451 1313 1482 Dcsuetoe
1342 1452 1517 1494 plerique;

815 1500 911 1530 bcne.
937 1501 1020 1530 Mox
1043 1510 1104 1540 pro
1120 1503 1307 1542 sumptisque
1324 1503 1467 1535 Lucens.
1483 1509 1519 1535 et

815 1549 960 1590 Gyrald.
990 1549 1174 1590 fultosque,·
1213 1553 1329 1591 probe.
1375 1553 1419 1584 Et
1447 1558 1519 1584 tum

814 1600 926 1630 malim
956 1604 1112 1640 sontesque
1139 1602 1238 1640 paulo
1262 1607 1350 1642 post.
1394 1603 1519 1634 Verius

815 1656 928 1682 tamen
960 1651 1087 1692 primus
1113 1652 1298 1683 Vaticanus
1323 1658 1358 1684 et
1384 1663 1446 1694 pro
1471 1655 1519 1685 di-

814 1712 914 1733 versa
944 1701 1093 1733 lectione
1125 1702 1247 1733 tertius
1283 1703 1438 1744 ejusdem
1472 1703 1519 1734 bi-

814 1753 996 1786 bliothecae
1025 1763 1065 1784 ac
1096 1754 1290 1785 Pricaeanus
1317 1764 1392 1786 cum
1420 1755 1520 1787 Oise-

814 1803 916 1844 liano,
925 1803 1081 1844 justisque
1097 1803 1221 1843 furoris
1239 1806 1390 1836 Exsterni
1402 1806 1520 1846 spoliis.

814 1856 911 1886 Bello
935 1855 1138 1887 Gildonico:
1177 1856 1296 1896 ‘justo
1326 1866 1519 1898 magnoque

815 1906 985 1946 triumpho
1013 1906 1138 1937 Civiles
1167 1905 1302 1938 abolete
1325 1908 1447 1938 notas!
1471 1908 1517 1939 D.

817 1956 931 1987 Heius.

857 2009 920 2038 407
944 2006 1078 2037 Laribus
1104 2007 1244 2047 sejuncta
1271 2009 1424 2050 potestas]
1454 2010 1520 2041 Ro-

816 2067 878 2088 mae
902 2057 1060 2088 nimirum
1071 2057 1226 2088 habitare
1244 2058 1386 2091 debens.
1403 2060 1518 2092 Barth.

859 2111 922 2140 409
947 2107 1078 2138 Cunctis
1102 2107 1238 2139 tribuere
1255 2109 1383 2140 Palatia
1396 2110 1520 2150 nomen]

816 2159 848 2190 A
889 2159 1023 2190 Palatio
1062 2159 1213 2189 Romano
1260 2158 1358 2190 sedes
1404 2160 1519 2201 Regiae

817 2210 948 2240 Palatia
963 2209 1193 2241 nominantur.
1218 2209 1315 2240 Idem.

858 2262 922 2290 410
946 2260 1097 2298 Neglecto
1119 2258 1218 2299 senio]
1252 2259 1316 2291 Cui
1336 2260 1439 2292 honos
1455 2261 1523 2293 cul-

819 2314 938 2351 tusque
955 2315 1075 2341 contra
1087 2310 1311 2341 debebantur.
1337 2311 1434 2342 Idem.

858 2363 920 2392 411
958 2361 1030 2391 Illic
1052 2370 1137 2400 posse
1153 2360 1236 2401 regi]
1259 2361 1353 2392 Illinc
1375 2362 1438 2402 pri.
1454 2361 1520 2392 Va-

816 2411 876 2443 tic.
895 2411 1017 2452 Isingr.
1032 2416 1067 2443 et
1083 2411 1229 2442 sedecim
1246 2412 1301 2442 alii
1318 2422 1325 2442 :
1352 2413 1518 2453 quomodo
1549 2408 1553 2409 ⁷

816 2461 977 2492 Barthius
995 2461 1156 2502 conjecit.
1182 2461 1225 2493 D.
1244 2461 1359 2494 Heius.

859 2512 1001 2543 lucilium
1015 2522 1074 2542 non
1090 2512 1205 2543 deserit
1220 2513 1370 2552 unquam]
1405 2512 1519 2554 Appo-

816 2563 881 2594 sita
905 2563 1126 2602 comparatio.
1171 2562 1324 2594 Medium
1346 2563 1394 2594 illi
1411 2563 1520 2602 adsig-

816 2624 916 2645 nasse
941 2615 989 2644 ait
1006 2613 1244 2654 Clementiam,
1261 2623 1303 2644 ne
1322 2613 1518 2654 propinqui-

817 2674 855 2694 or
871 2669 998 2704 ureret,
1014 2663 1174 2694 semotior
1197 2673 1216 2693 a
1243 2663 1354 2704 rigore
1381 2671 1444 2693 non
1462 2662 1518 2693 de-

817 2714 988 2746 fenderet.
1018 2713 1133 2746 Barth.
