1763 3116
483 177 545 206 DE
577 175 640 205 VI.
672 172 807 204 coNs.
840 173 1024 203 HONOR.

60 273 122 303 214
139 272 287 311 Est-mpla
298 269 408 309 labori]
420 269 601 308 Praecepto
612 267 722 298 Theo-

27 321 165 352 (losiano
178 322 218 352 ad
235 321 420 352 Honorium
433 318 549 357 filium,
563 326 611 348 lv.
622 317 722 348 Cons.

29 374 103 402 3⁴5.
140 372 253 402 Barth.

71 423 131 450 215
170 421 318 450 Accensos
346 418 450 448 aestivo
481 419 606 457 putrere
631 416 722 456 soles]

28 470 167 501 Rectius
190 469 261 500 fore
288 469 436 507 videtur,
458 469 579 499 oestiros
601 477 724 498 accenso

25 522 148 561 pult-erc
167 522 253 550 soles.
297 519 407 550 Infra:
432 521 440 535 ‘
455 519 586 549 Solibus
609 517 724 549 effoeto

28 579 195 601 mersurus
219 570 356 609 pulvere
382 569 498 600 Gallos
512 569 531 599 ι’
556 568 725 609 quomodo

29 626 64 651 et
105 620 172 651 illic
213 619 446 659 castigandum
481 620 626 658 videtur,
659 628 724 649 nou

27 669 163 710 effoetos:
187 670 335 701 sterilem
366 671 540 710 pulverem
561 670 727 710 designat.

31 719 76 751 D.
96 720 205 750 Heius.

73 772 135 800 216
162 770 230 809 Ipse
254 779 342 799 mann
373 769 564 808 metm-iulus]
602 771 729 800 Contra

33 818 191 849 orosium
217 824 250 850 ct
277 820 369 857 alios,
387 822 443 860 qui
466 830 625 850 summam
650 820 729 850 belli

32 869 237 898 commissam
263 869 414 899 Barbaro
441 874 475 900 et
504 880 636 909 pagano
652 869 730 899 (luci

33 919 148 953 Sanni,
169 919 330 950 scribunt.
363 919 449 950 Vide
476 921 647 957 Omnium,
674 920 729 951 lib.

34 971 164 999 x·11.3?.
203 968 319 998 Barth.

75 1020 136 1048 217
161 1017 218 1056 Ee,
241 1027 298 1056 qua
320 1021 405 1048 vocat
422 1018 506 1058 usus]
530 1019 646 1050 Malim
665 1030 731 1059 quo.

34 1067 78 1098 D.
96 1067 213 1098 Heius.

75 1117 125 1148 Ab
141 1118 222 1147 omni
238 1117 336 1148 Parte
358 1118 458 1158 venit]
482 1120 591 1151 Quem
618 1119 734 1159 hostis,

35 1172 148 1198 notam
178 1173 420 1208 expertamque
455 1169 581 1199 habens
622 1169 734 1199 indus-

37 1218 146 1257 triam,
172 1217 319 1259 undique
348 1220 570 1260 ingruiturum
595 1224 735 1251 metuat.

38 1268 151 1300 Barth.

81 1322 143 1349 220
162 1320 311 1359 Cognatis
326 1320 454 1359 viribus]
473 1320 640 1352 Barbaros
653 1321 736 1350 Bar-

39 1369 129 1399 baris
147 1369 364 1409 profligandis
378 1371 545 1401 inducens,

82 1420 213 1459 Istrum]
234 1421 404 1460 Scytham,
421 1421 580 1458 Gothum,
596 1431 638 1451 ex
657 1419 737 1451 Istri

40 1470 174 1500 accolis.
217 1470 330 1500 Barth.

83 1522 144 1550 224
168 1519 215 1549 M
247 1520 344 1559 calor]
390 1519 574 1550 Alanorum
606 1519 739 1558 ducem,

44 1569 199 1600 Romanis
227 1570 428 1600 militantem
456 1569 516 1599 sub
543 1569 740 1607 Stilichone,

41 1620 142 1651 nimio
157 1620 328 1659 pugnandi
344 1619 477 1650 fervore
491 1621 539 1650 ait
551 1628 617 1650 uon
631 1624 740 1650 atten-

43 1668 133 1700 disse
151 1670 372 1710 Imperatoris
398 1670 605 1710 Imperium3
630 1670 742 1710 itaque

42 1730 116 1752 cum
135 1726 358 1761 antecaperet
374 1726 508 1760 tempus
535 1720 743 1751 destinatum

44 1772 177 1802 excidio
206 1772 408 1809 Gothorum,
432 1770 553 1802 fecisse
579 1775 615 1801 ut
631 1770 744 1801 elabe-

45 1827 139 1852 retur
156 1820 321 1851 Alaricus.
346 1821 444 1850 Idem.

87 1874 148 1901 225
174 1870 369 1910 Dispositum
397 1870 486 1911 opus]
511 1870 658 1901 Consilia
679 1869 746 1900 Sti-

45 1920 198 1959 lichonis,
215 1921 332 1960 quibus
353 1921 595 1952 circumclusus
612 1925 687 1952 erat
704 1919 748 1951 A·

45 1971 178 2002 laricus.
203 1971 299 2001 Idem.

90 2023 153 2051 226
179 2020 315 2059 Vitasse]
355 2021 569 2061 Captionem‚
607 2020 748 2061 disposi-

48 2075 118 2102 tum
136 2079 231 2109 opus.
254 2070 351 2100 Idem.

91 2123 153 2151 227
178 2119 312 2160 lpotius
333 2120 437 2158 gentis
462 2120 626 2159 reliquum]
652 2120 750 2151 Genti

49 2171 184 2210 reliquus
213 2179 287 2200 cum
319 2170 426 2201 tribus
453 2171 641 2210 Vaticanis,
668 2181 749 2211 quos

49 2220 140 2251 inter
155 2220 302 2260 optimus
320 2229 465 2261 quoque,
481 2226 516 2251 et
528 2226 659 2260 septem
677 2221 749 2250 aliis

51 2270 242 2310 legendum.
266 2271 409 2302 Lucens.
421 2276 456 2301 et
469 2270 535 2300 duo
547 2271 751 2310 nostrigenti

52 2320 227 2360 reliquum:
264 2320 413 2360 quinque
447 2321 554 2359 gentis
591 2321 752 2361 reliquus;

55 2369 219 2410 quomodo
242 2370 462 2401 ‘Samnitium
491 2371 632 2411 reliqui,'
661 2371 752 2411 apud

55 2421 205 2458 Florum,
231 2420 318 2451 libro
346 2430 371 2451 1.
395 2430 472 2461 cap.
502 2424 552 2452 17.
580 2421 642 2451 nisi
669 2421 752 2461 legis

57 2470 127 2501 illic
150 2470 368 2500 ‘Samnitium
395 2471 576 2512 reliquiae3'
608 2476 644 2502 ut
667 2472 754 2502 libro

58 2529 99 2551 11.
118 2528 193 2558 cap.
212 2521 260 2549 ll.
277 2519 317 2549 de
344 2520 577 2561 Gassograecis,
600 2523 609 2538 ‘
625 2521 755 2552 adulte-

60 2575 142 2600 ratae
161 2569 309 2608 reliquiae
322 2570 519 2601 Gallorum:
567 2570 666 2611 Apud
681 2572 756 2602 sta-

62 2620 157 2659 tium,
184 2618 293 2649 Theb.
322 2627 374 2648 xi.
391 2621 541 2660 corrigo:
565 2622 670 2651 ‘Sera
686 2621 757 2662 qui-

62 2672 138 2702 dem
166 2676 336 2701 extremus
361 2671 497 2710 socium,
521 2672 682 2711 gentique
706 2681 758 2702 su-

62 2726 195 2763 perstes
209 2720 377 2762 Argolica:
392 2721 555 2761 consuth
568 2721 758 2762 pater,jum

1358 161 1470 205 1587

775 265 874 296 rebus
888 265 922 295 in
939 265 1020 296 artis
1037 263 1229 304 Aggredior
1240 262 1262 294 :’
1286 262 1341 293 ubi
1355 264 1476 301 gentis.

774 325 831 356 qne
847 316 955 345 minus
972 315 1060 345 bene
1077 314 1264 353 legebatur.
1309 313 1473 353 Sequenti

776 375 874 396 versu
893 375 953 405 pro
978 368 1007 395 et
1033 367 1182 403 nostrum,
1209 372 1331 393 noveru
1358 363 1392 392 iu
1409 371 1477 392 nos·

775 419 877 446 trum:
901 415 1053 446 undecim
1072 415 1093 453 i,
1106 417 1268 449 nostrum,-
1291 421 1381 443 vere.
1422 412 1475 442 De

777 465 937 496 similibus
954 464 1083 495 incudis
1097 463 1173 494 vide
1187 472 1262 504 quae
1275 461 1474 501 collegimus

778 515 819 545 ad
838 515 945 554 Epist.
974 514 1116 544 Heroid.
1143 513 1271 543 Nason.
1300 520 1375 542 xrv.
1401 513 1476 542 126.

779 566 823 596 D.
840 565 950 595 Heius.

820 616 883 645 228
908 614 1046 644 Danubii
1081 611 1212 652 populis]
1258 611 1337 642 Non
1377 619 1477 641 unam

779 666 866 696 enim
885 670 1018 705 gentem
1037 664 1180 694 traxisse
1200 661 1384 693 verosimile
1400 666 1465 693 est.

828 717 903 748 Vive
932 716 1092 756 tropaeum]
1130 714 1401 753 Elegantissime.
1443 713 1480 744 Si

781 766 868 797 enim
884 767 933 796 ita
960 770 1097 796 exsutus
1120 769 1155 795 et
1178 763 1375 805 profligatus
1404 762 1481 803 fuit,

782 818 829 847 uti
845 821 959 847 noster
976 821 1151 855 memorat,
1167 820 1281 845 tantus
1297 815 1386 853 Rex,
1402 822 1482 844 sane

783 867 892 897 vivum
909 866 974 897 fnit
1002 871 1254 896 mouumentum
1272 864 1483 895 fortitudinis

782 917 953 947 Romanas.
981 917 1097 946 Bur-(lo.

824 969 887 995 229
912 966 1077 1003 Ingenium
1104 965 1212 1004 atrox]
1244 964 1406 1004 Crudele,
1434 965 1483 995 in·

783 1014 957 1045 domitum.
986 1015 1083 1045 Idem.

825 1066 889 1094 230
915 1064 1065 1094 Tentabat
1089 1062 1215 1094 tramite
1237 1062 1365 1101 montis]
1390 1063 1484 1093 Mon·

783 1117 829 1144 tes
845 1114 950 1153 prim:
969 1114 1126 1145 Vatican.
1153 1118 1189 1144 et
1215 1112 1399 1143 duodecim
1428 1113 1487 1143 alii

785 1173 827 1194 ex
844 1162 1051 1194 melioribus.
1097 1164 1182 1193 Cum
1198 1163 1316 1193 iisdem
1332 1162 1487 1203 sequenti

785 1223 885 1244 versu
895 1213 923 1243 si
936 1223 994 1253 qua
1007 1222 1066 1253 pro
1079 1222 1154 1253 quas
1169 1213 1350 1252 legendum
1364 1223 1372 1251 3
1396 1211 1486 1252 quod

786 1270 821 1294 et
849 1264 1006 1294 Barthius
1035 1264 1132 1294 vidit.
1178 1263 1254 1294 Hoc
1284 1263 1358 1302 ipso
1389 1271 1489 1293 versu

786 1315 898 1345 Palat.
917 1314 1048 1354 Obliqno
1063 1312 1203 1344 tentabat
1226 1313 1339 1343 vertice
1365 1311 1488 1343 montis.

786 1366 833 1396 D.
857 1365 976 1395 Heius.

830 1417 889 1445 231
916 1413 1045 1445 Sumtus
1060 1413 1220 1453 exquirere
1232 1412 1349 1453 posset]
1371 1412 1491 1443 Subito

788 1469 860 1495 tum
900 1465 1066 1504 inventas,
1109 1464 1191 1494 nulli
1239 1468 1336 1494 notas
1380 1467 1493 1494 antea.

789 1514 906 1545 Barth.

832 1567 894 1595 232
918 1564 1046 1594 Fortior
1072 1563 1172 1593 obstat
1201 1565 1285 1594 Cura
1313 1563 1414 1603 ducis]
1448 1563 1494 1594 Et

791 1615 864 1645 haec
882 1614 970 1644 euim
997 1613 1200 1654 praeviderat
1216 1614 1369 1644 Stilicho.
1396 1614 1492 1644 Idem.

827 1668 889 1696 233
899 1666 1050 1696 Divinum
1057 1665 1177 1705 pectus]
1185 1665 1395 1703 Praesagrrxn,
1404 1673 1494 1694 com-

794 1726 855 1758 pos
872 1714 1120 1757 quodammodo
1136 1714 1333 1745 divinitatis.
1358 1715 1456 1745 Idem.

837 1769 899 1797 234
918 1766 1070 1797 Excubiis
1081 1765 1249 1805 vigilantia
1260 1765 1376 1796 lumina
1387 1764 1496 1805 regni]

794 1817 888 1848 Malo
916 1816 1086 1853 excubias;
1115 1821 1154 1846 ut
1177 1816 1303 1846 lumina
1332 1815 1496 1846 excubias

796 1877 858 1908 per
882 1867 1128 1907 appositionem
1152 1870 1265 1897 vocet.
1311 1866 1367 1896 Sic
1387 1866 1445 1896 lib.
1472 1875 1497 1896 1.

797 1919 838 1949 de
854 1918 983 1949 Stilich.
1005 1919 1014 1934 ‘
1030 1917 1155 1957 Argum
1173 1916 1262 1946 fama
1277 1917 1368 1946 cauit
1384 1921 1500 1946 cente-

796 1969 991 2006 uolumine,
1007 1972 1143 1998 centum
1165 1967 1327 2006 Corporis
1343 1965 1498 1996 excubiis

797 2029 897 2050 unam
915 2017 1279 2058 servassejuvencam!
1303 2018 1348 2048 1).
1367 2017 1478 2048 Heius.

842 2069 995 2100 Excubiis
1027 2068 1195 2106 vigilantia
1235 2067 1351 2097 luminu
1392 2065 1501 2105 regni]

798 2120 1026 2151 Divinitatem
1050 2119 1084 2149 in
1101 2118 1292 2149 Prudentia
1307 2118 1501 2148 Stilichonis

798 2170 963 2210 agnoscit,
978 2169 1072 2209 cujus
1088 2169 1201 2200 oculos
1218 2168 1266 2198 ait
1282 2167 1423 2207 vigilare
1441 2176 1502 2206 pro

799 2220 939 2260 Imperii
948 2219 1091 2250 Romani
1101 2218 1247 2249 universi
1256 2218 1376 2248 salute.
1387 2217 1503 2248 Barth.

842 2273 904 2300 235
931 2270 1026 2307 Cujus
1039 2268 1200 2299 comitium
1212 2278 1273 2298 uon
1289 2277 1421 2308 uuquam
1434 2277 1502 2307 rep-

799 2321 882 2360 perit
899 2320 1007 2360 hostis]
1030 2319 1141 2350 Etiam
1171 2318 1261 2350 omni
1285 2328 1350 2358 ope
1375 2323 1506 2348 seruta-

803 2376 866 2400 tus.
890 2369 1090 2400 Prudentia:
1105 2368 1341 2408 Imperatoriae
1358 2373 1412 2398 est
1426 2376 1505 2398 con-

803 2420 879 2450 silia
895 2429 955 2450 sua
972 2420 1021 2450 ita
1034 2418 1271 2450 administrare
1289 2422 1393 2459 atque
1410 2417 1507 2448 insti·

804 2476 913 2510 tuere,
944 2480 986 2502 ue
1024 2469 1101 2510 quid
1139 2479 1255 2500 eorum
1291 2473 1426 2499 emanet
1462 2467 1505 2498 ad

802 2519 1239 2561 liostem‚quodcauti0rem
1249 2528 1324 2549 eurn
1336 2517 1506 2558 praescita:

806 2571 912 2602 cladis
934 2570 1056 2608 faciat;
1079 2570 1105 2600 si
1132 2579 1198 2610 qua
1225 2574 1337 2599 autem
1363 2567 1507 2598 senserit

806 2621 1004 2656 innotuisse,
1034 2620 1083 2650 uti
1106 2624 1185 2650 sunt
1210 2618 1380 2657 mortalia,
1396 2615 1508 2647 onmia

807 2674 976 2701 retexere.
1000 2669 1099 2700 Idem.

849 2723 912 2751 238
937 2719 1088 2750 Omnibus
1102 2718 1258 2758 exclusus]
1284 2715 1393 2749 Nullae
1408 2713 1507 2744 urbes
