1763 3116
467 168 529 198 DE
561 167 626 197 Vl.
659 165 796 196 coNS.
827 163 1012 194 HONOR.

16 263 154 305 pudoris
170 261 328 294 suffusum
344 261 464 301 saepius
477 260 571 293 dicit.
598 259 708 290 Barth.

60 318 122 344 566
138 312 328 352 Draconum]
350 311 482 342 Vexilla
498 309 710 349 temporibus

18 364 92 394 istis
110 365 242 396 usitata.
268 363 362 392 Idem.

60 417 123 444 569
154 413 195 442 vt
225 411 347 450 chalybe
373 408 508 448 indutos]
547 407 713 447 Chalybem

19 462 160 503 Gyrald.
175 466 208 492 ct
223 461 339 490 decem
357 460 435 490 alii:
460 469 543 488 nnus
557 458 713 488 vatican.

18 513 170 553 chalybem
208 513 366 541 inductos.-
406 511 532 550 primus
562 509 713 549 ejusdem

17 562 244 597 bibliothecae,
267 560 420 600 chalybem
444 561 557 596 dulas,-
581 558 678 590 etsie
697 569 715 588 a

18 620 117 642 mauu
137 611 240 650 prima
259 610 288 639 iu
307 610 480 641 Oiseliano
507 608 609 639 fuisse
627 608 716 639 vidc-

18 666 86 691 tur.
132 660 246 698 Silius,
259 660 280 689 l.
298 668 346 689 lv.
369 660 377 674 ‘
396 659 601 698 Indutosque
618 658 716 688 simul

20 711 158 752 gentilia
175 710 240 739 liua
260 709 425 740 Faliscos!
464 710 574 739 Vetus
600 708 717 748 Epigr.

20 764 29 778 ‘
50 761 170 801 Fulget
199 759 400 790 honorificos
430 759 565 790 indutus
595 759 718 789 mensis

22 810 184 842 amictus!
206 811 250 840 D.
267 809 377 839 Heius.

69 859 203 900 Chalybc
219 861 337 889 indutos
351 859 478 898 equites]
517 859 720 898 Cataphrac-

24 915 89 941 tos.
135 909 221 939 vide
239 909 280 939 ad
298 918 335 939 ιι.
352 910 383 938 in
398 909 507 939 Rufin.
531 909 649 939 Barth.

67 962 125 990 571
159 959 290 988 ssletallo
313 959 461 996 informat
490 957 594 998 equos]
643 958 721 988 Am-

23 1009 166 1045 mianus,
194 1008 214 1038 1.
232 1016 319 1038 xxv.
351 1010 359 1024 ‘
379 1009 487 1038 Erant
524 1017 639 1037 omnes
666 1017 721 1037 ca·

25 1065 129 1091 tervae
146 1057 297 1095 ferratae,
322 1057 370 1088 ita
399 1067 459 1098 pel·
476 1057 607 1097 singula
622 1066 722 1086 mem-

24 1110 85 1141 bra
109 1109 220 1140 densis
244 1108 372 1138 laminis
388 1112 504 1146 tectae,
521 1113 558 1139 ut
575 1108 721 1146 rigentes

22 1161 194 1202 juncturae
212 1158 430 1199 compagibus
453 1164 585 1189 artuum
603 1167 723 1188 couve-

26 1209 161 1241 nireut.'
186 1210 282 1239 Idem.

70 1263 131 1291 573
156 1260 288 1290 Addidit
312 1258 483 1297 hinnitum]
519 1258 639 1289 Indidit
663 1258 725 1297 pri.

30 1310 141 1340 Vatic.
158 1315 192 1340 et
209 1309 277 1339 beni
300 1319 358 1348 pro
379 1309 492 1345 bellis5
511 1307 676 1349 quomodo
693 1312 728 1338 et

31 1360 164 1390 tertius.
189 1360 233 1389 D.
254 1359 362 1389 Heius.

75 1411 249 1441 Simulum-a
264 1409 348 1448 viz-11]
375 1409 511 1440 Statuas
528 1408 621 1439 dicit.
647 1409 730 1439 Bar-

32 1461 124 1492 thius.

75 1513 136 1541 575
154 1509 293 1540 Junonia
309 1508 419 1538 cristas
431 1508 528 1538 Ornet
545 1509 626 1548 ucis]
642 1507 729 1537 Vide

36 1559 195 1600 Lipsium‚
211 1560 231 1590 l.
249 1567 303 1589 111.
331 1558 374 1589 de
396 1558 523 1588 Militia
541 1558 637 1588 Rom.
655 1566 685 1588 c.
702 1560 731 1587 5.

35 1611 130 1642 Idem.

76 1659 213 1691 Junonia
228 1657 308 1698 avis]
333 1659 425 1689 Pavo
442 1657 512 1688 scil.
545 1657 585 1687 In
601 1657 733 1697 pictura

35 1711 244 1752 Aquileiensi
260 1711 323 1751 (ait
340 1709 599 1749 Panegyristes)
623 1709 735 1749 puella

37 1763 134 1795 offert
150 1762 372 1794 Constantino
398 1761 526 1801 galeam
551 1770 631 1790 auro
646 1769 736 1799 gem—

38 1814 165 1854 misque
182 1812 384 1850 radiantem,
401 1817 434 1841 et
451 1810 569 1850 pennis
585 1809 735 1850 pulchrae

41 1863 128 1894 alitis
144 1862 358 1894 eminentem.
385 1862 507 1891 Cim-er.

82 1916 144 1945 576
166 1913 304 1952 Rigidos
327 1911 448 1942 cibi-uta
472 1922 527 1952 per
543 1910 658 1950 armos]
681 1911 739 1940 Se-

42 1963 128 1995 ricas
156 1962 278 1993 fascias
305 1961 478 2002 intelligit,
499 1961 618 2002 quibus
643 1970 741 1991 enses

45 2014 210 2054 suspensi,
245 2018 283 2043 ut
314 2014 482 2053 galearum
512 2012 586 2043 coni
620 2011 741 2043 ornati.

46 2064 264 2104 Cataphracti
280 2063 404 2094 auratis
419 2063 565 2104 squamis
577 2062 742 2094 ornaban-

48 2122 113 2146 tur.
139 2114 254 2145 Barth.

90 2167 149 2195 577
177 2164 283 2194 Rubra
309 2163 487 2202 subaurato]
524 2162 685 2193 Subaerato
710 2162 745 2192 ii-

48 2214 123 2245 dem
137 2214 216 2244 vat.
244 2213 286 2243 (le
297 2213 390 2253 equis
404 2213 636 2253 cataphractis
650 2212 746 2243 intel-

49 2263 232 2305 ligendum.
257 2263 302 2294 D.
320 2263 431 2293 Heius.

91 2317 154 2345 578
172 2312 323 2353 Mercem]
342 2312 747 2353 Mercedem,praemium.

53 2364 167 2394 Barth.

95 2416 157 2443 579
182 2414 282 2444 Curru
308 2417 410 2444 tectus
440 2412 557 2452 eodem]
584 2412 634 2443 Ut
666 2415 748 2442 ante

54 2462 256 2493 Theodosius
274 2468 382 2503 pater.
428 2463 546 2494 Honos
573 2463 660 2494 enim
686 2463 749 2492 iste

56 2521 212 2550 summus,
227 2517 261 2542 et
277 2512 479 2552 dignationis
497 2514 628 2553 patriae.
655 2512 751 2543 Idem.

100 2563 162 2592 583
200 2561 354 2598 Infantem
382 2563 527 2602 moriens]
578 2563 750 2593 Annorum

61 2618 172 2643 tamen
204 2611 373 2653 undecim,
409 2617 446 2643 ut
479 2612 611 2643 matius
645 2616 753 2644 notat.

63 2662 160 2694 idem.

1345 151 1458 193 1599

802 259 863 287 585
903 254 1012 294 Fides]
1055 254 1142 285 Vide
1174 263 1214 284 11.
1247 253 1377 285 Stilicli.
1403 257 1456 286 30.

762 307 860 338 Idem.

804 360 865 387 587
891 356 928 386 ΙΙ
930 357 956 386 ic
969 358 1013 386 est
1025 355 1076 386 ille
1086 355 1176 395 puer]
1198 352 1345 385 Mirifica
1358 353 1462 384 Ener-

764 418 830 449 gia.

805 459 857 490 Ad
874 459 988 489 Rostra
1005 456 1162 496 Quirites]
1186 457 1284 487 More
1300 454 1464 487 Consula-

763 514 832 540 tum
849 508 1124 549 ingredientium.
1148 506 1264 538 Barth.

807 561 869 590 588
893 558 978 588 Solio
992 557 1118 596 eburno]
1144 556 1260 588 Curuli
1281 555 1363 586 sella
1380 555 1466 587 Con-

766 609 882 640 suluri.
908 609 1003 639 Idem.

810 662 869 690 591
896 658 1174 698 Digeritimpcrii]
1196 657 1319 696 Dirigit
1332 655 1467 686 Tholos.

769 719 852 740 unus
869 709 994 740 Medic.
1010 710 1112 740 etalii
1126 709 1192 739 duo
1206 719 1212 738 z
1239 711 1275 738 ut
1289 706 1378 746 apud
1391 707 1464 737 Sta·

769 761 851 790 tium
864 760 1001 790 Pietate
1017 759 1141 790 Abasc.
1155 760 1163 775 ‘
1178 762 1274 788 notat
1288 757 1353 787 ista
1364 756 1470 794 Deus,

771 811 827 851 qui
844 809 953 840 flectit
969 809 1117 840 habenas
1130 808 1244 845 Orbis,
1258 812 1293 838 et
1308 807 1470 837 humanos

771 859 908 899 propior
921 858 1008 890 Jove
1021 858 1136 897 dirigit
1152 863 1248 888 actus
1260 857 1278 887 :'
1292 856 1369 893 fata
1386 865 1469 896 quo-

772 918 836 948 que
851 907 1008 948 prefacta
1021 918 1105 938 uuus
1120 909 1240 938 Petav.
1255 911 1289 937 ut
1301 907 1378 936 olim
1392 915 1472 936 con-

765 958 937 997 jeceram:
954 957 1029 994 futa
1057 957 1192 996 imperii,
1219 960 1256 986 ut
1282 956 1376 986 Latia
1393 954 1471 992 suta

770 1007 846 1036 Val.
866 1006 1002 1043 Flacco,
1019 1006 1073 1036 lib.
1091 1014 1140 1035 iv.
1162 1006 1171 1021 ‘
1186 1014 1250 1035 non
1266 1005 1333 1034 ulla
1348 1014 1422 1034 meo
1437 1008 1472 1034 te

771 1056 920 1087 carmine
947 1054 1075 1085 dictam
1100 1053 1325 1092 Abstulerint‚
1351 1053 1478 1083 durent

774 1105 879 1136 Latiis
893 1104 992 1135 modo
1005 1104 1128 1135 saecula
1141 1102 1220 1134 fatis
1234 1102 1254 1133 :'
1278 1103 1326 1133 sic
1342 1101 1475 1133 scribo:

774 1155 856 1197 quid
873 1156 961 1186 enim
981 1154 1181 1195 Hypsipylae
1197 1163 1271 1184 cum
1287 1153 1392 1184 Latiis
1408 1150 1475 1182 fas-

775 1207 840 1238 tis?
863 1206 976 1243 Silius,
992 1205 1051 1236 lib.
1068 1213 1142 1235 XVI.
1164 1205 1172 1221 ‘
1192 1204 1353 1244 adjunget
1370 1201 1475 1233 Latiis

776 1263 835 1288 tua
852 1257 984 1287 nomina
999 1256 1103 1287 fatis!
1132 1256 1175 1286 D.
1193 1255 1307 1285 Heius.

821 1310 882 1338 594
906 1307 1084 1346 Agnoscunt
1105 1305 1259 1346 proceres]
1282 1305 1396 1336 Unum
1423 1312 1480 1334 ve·

779 1359 829 1388 lut
845 1367 886 1387 ex
904 1358 996 1397 ipsis.
1042 1356 1101 1387 Ait
1126 1356 1235 1387 onmia
1260 1356 1301 1386 ad
1328 1360 1481 1386 veterem

780 1416 905 1438 morem
921 1406 1072 1443 redacta,
1085 1404 1372 1444 Seuatoribusjus
1388 1404 1483 1435 velut

781 1455 1036 1488 conferentibus
1054 1454 1220 1494 Principi.
1244 1454 1360 1484 Barth.

825 1508 886 1536 597
913 1505 997 1535 Talis
1020 1505 1151 1535 victoria
1179 1504 1316 1544 templis]
1350 1504 1485 1534 Primus

784 1555 1016 1594 Mariangelus
1050 1554 1233 1585 Accursius
1265 1554 1420 1585 Diatribe
1450 1554 1485 1584 in

783 1606 968 1638 Ausonium
984 1606 1046 1635 ales
1062 1604 1242 1644 legendum
1259 1603 1389 1634 monuit
1405 1614 1413 1633 2
1438 1608 1488 1634 at·

784 1667 848 1699 quc
865 1657 914 1687 ita
930 1655 1052 1695 Isingr.
1077 1654 1221 1695 Gyrald.
1246 1658 1315 1685 tres
1327 1654 1488 1684 Vaticani

785 1714 819 1738 et
831 1707 896 1737 duo
911 1705 1081 1743 Medicei;
1106 1705 1206 1736 etiam
1218 1704 1412 1735 Pricaeanus
1426 1713 1489 1744 pro

785 1759 919 1789 diversa
946 1756 1107 1787 lectione.
1153 1755 1274 1786 Facilis
1300 1755 1353 1785 liic
1382 1763 1490 1785 error.

786 1809 842 1840 Sic
865 1807 953 1848 apud
976 1807 1051 1837 Val.
1069 1806 1243 1845 Flaccum,
1271 1804 1328 1836 lib.
1346 1814 1385 1836 11.
1413 1814 1490 1836 cum

788 1859 887 1898 vulgo
905 1857 1093 1888 scribatur:
1118 1855 1129 1873 ⁴
1145 1855 1309 1886 Attamen
1328 1855 1388 1885 hos
1406 1854 1492 1885 tales

789 1909 902 1940 forsan
930 1907 1084 1938 solabere
1112 1916 1211 1937 casus
1235 1906 1288 1936 Tu
1316 1902 1493 1943 thalamis‚’

790 1958 971 1998 legendum
992 1957 1046 1986 hos
1060 1956 1142 1986 aliis.
1187 1956 1243 1986 Sic
1270 1959 1304 1984 ct
1324 1955 1493 1994 proepetem

791 2008 952 2039 victoriam
971 2010 1071 2036 vocat
1088 2004 1311 2043 Prudentius,
1339 2008 1374 2034 et
1389 2003 1494 2033 alitem

784 2059 907 2097 samam
930 2061 1045 2087 noster
1073 2055 1131 2086 lib.
1149 2063 1189 2086 11.
1218 2055 1252 2085 in
1279 2053 1409 2085 Stilich.
1436 2051 1495 2083 ubi

795 2110 900 2148 plura.
925 2107 968 2137 D.
984 2105 1096 2136 Heius.

842 2156 996 2196 Victoria]
1014 2157 1122 2187 Cis-er.
1139 2155 1181 2185 de
1192 2154 1273 2186 Nat.
1285 2154 1390 2185 Deor.
1406 2152 1415 2169 ‘
1429 2153 1496 2184 Res

795 2209 827 2239 iu
844 2218 910 2248 qua
924 2207 971 2237 vis
988 2206 1077 2236 inest
1105 2205 1212 2246 major
1235 2205 1348 2245 aliqua
1375 2204 1422 2235 sic
1439 2212 1497 2244 ap-

797 2258 957 2298 pellatur,
985 2260 1022 2286 ut
1052 2265 1092 2286 ea
1120 2255 1194 2295 ipsa
1226 2256 1274 2285 vis
1304 2254 1498 2284 nominetur

798 2311 902 2349 Deus,
915 2315 949 2340 ut
967 2308 1080 2349 Fides,
1094 2310 1206 2347 Mens,
1224 2305 1427 2345 Concordia,
1445 2304 1501 2335 Li-

798 2360 928 2398 bertas,
952 2359 1133 2389 Victoria:
1172 2367 1311 2398 quarum
1341 2356 1419 2397 quia
1449 2354 1498 2384 vis

800 2415 852 2442 est
869 2414 976 2447 tanta,
999 2413 1037 2439 ut
1054 2409 1125 2438 sine
1142 2409 1219 2438 Deo
1247 2407 1318 2447 regi
1344 2416 1408 2437 non
1425 2414 1501 2446 pos·

801 2461 890 2497 siut;
914 2460 985 2499 ipsa
1010 2467 1062 2489 res
1090 2459 1242 2489 Deorum
1269 2466 1390 2487 nomen
1416 2454 1502 2485 obti-

802 2509 898 2540 nuit.¹
921 2508 1036 2549 Atque
1053 2509 1124 2539 liaec
1142 2514 1221 2538 sunt
1238 2516 1360 2538 arcana
1377 2504 1502 2536 theolo-

804 2560 881 2601 giae,
898 2559 925 2589 si
938 2558 987 2589 fas
1004 2558 1131 2598 dicere,
1149 2568 1302 2598 paganae.
1328 2557 1449 2587 Clarer.

848 2612 910 2641 598
935 2609 1189 2639 Romanoelutela
1202 2607 1299 2648 tagre]
1322 2605 1504 2647 As-siguata

805 2661 899 2692 velut
916 2659 1070 2691 Romano
1086 2658 1248 2700 Imperio.
