1763 3116
350 157 412 188 DE
446 151 607 185 RAP'PU
641 147 961 180 PROSERPINAE
994 146 1089 175 Liss.
1122 146 1197 175 111.

52 261 176 288 tuetur.
202 254 242 285 D.
261 252 371 284 Heius.

96 304 212 345 Lupsu]
236 304 331 334 Inter
347 308 462 331 manus
481 297 580 327 velut.
623 295 744 326 Veneno

52 358 137 389 dicit
154 358 242 387 velut
259 352 441 385 infectione
455 348 609 390 quadarn.
627 347 742 377 Barth.

100 405 234 444 Veneno]
258 403 370 434 Dictio
392 402 462 431 lraec
486 398 603 429 mediae
622 396 743 435 signifi-

52 457 214 493 cationis;
239 455 287 484 ita
305 458 340 482 ut
367 450 445 481 addi
473 453 631 488 oporteat
657 448 744 477 sitne

50 507 172 537 bonum
189 513 228 534 an
246 504 388 532 malum:
413 509 515 541 quare
541 499 626 528 bello
653 496 743 527 Gild.

52 556 159 587 Noxia
174 563 284 584 venenu
301 551 408 582 dixit:
433 550 492 581 sed
510 550 562 580 hic
580 558 643 578 nou
661 557 744 588 opus

49 606 123 636 fuit.
150 605 271 634 ctat-er.

91 657 154 686 254
179 654 351 684 Discedunt
366 651 452 690 aliie]
477 651 644 680 Ministrae
661 650 747 680 scili-

47 712 124 736 cet:
150 706 197 735 ita
213 705 286 734 haec
301 708 335 734 et
348 702 526 742 sequeutia
542 701 746 739 distinguen-

50 755 104 786 da.
129 755 172 785 D.
191 754 299 784 Heius.

91 808 155 836 256
171 803 488 843 Accensoequcmalis]
504 802 542 833 In
554 801 746 833 vindictam.

50 856 141 886 Mira
158 860 270 885 autem
285 864 335 884 res
353 854 440 884 unde
454 863 536 883 anus
553 854 616 883 ista
631 853 746 882 harum

48 906 220 936 historiam
235 910 269 935 ct
281 913 406 934 morem
421 904 606 933 resciverit.
632 903 746 933 Barth.

90 957 154 985 259
171 954 336 993 Tracturu]
354 954 455 984 Velut
468 954 499 983 iii
513 963 642 993 poenam
657 952 746 983 milii.

48 1005 148 1035 Idem.

87 1057 150 1085 260
165 1055 314 1095 Demens]
325 1053 632 1085 Externataauinii.
649 1052 745 1084 Idem.

89 1108 151 1137 262
180 1106 275 1137 Vultu
289 1106 329 1135 ad
352 1105 515 1145 coelz'colus]
552 1105 662 1143 Lege:
692 1104 747 1134 Ul-

46 1161 94 1186 tro
110 1157 149 1187 ad
174 1157 322 1186 coelt'colas
342 1155 465 1193 furiato
485 1158 606 1195 pectore
626 1153 745 1191 fertur.

46 1206 88 1236 Τὸ
103 1208 185 1237 ultro
201 1206 427 1237 inconsultum
453 1205 578 1245 aliquid
598 1205 671 1234 sinu
690 1214 747 1244 pe-

47 1257 102 1287 rit.
130 1257 224 1287 Idem.

96 1306 186 1336 Ultro
199 1307 238 1336 ud
253 1304 419 1344 coelicolas]
443 1304 499 1335 Ita
514 1304 624 1335 Dclrii
640 1302 745 1333 liber:

48 1355 139 1396 quod
167 1361 203 1386 et
228 1355 261 1385 in
290 1355 356 1385 suis
383 1355 548 1384 invenisse
574 1353 748 1384 Claverius

47 1404 193 1437 videtur.
239 1405 291 1435 Ex
315 1404 439 1435 nostris
457 1404 640 1434 Vaticanus
662 1412 747 1433 unus

48 1456 194 1487 melioris
221 1462 310 1486 notae
327 1460 361 1485 et
378 1454 651 1485 Bartholinianus
677 1453 747 1492 pari

46 1505 148 1537 modo
177 1509 375 1545 agnoscunt,
406 1503 629 1543 probavitque
667 1502 748 1531 Bar-

48 1556 140 1587 thius
169 1555 260 1586 curis
290 1553 458 1585 secundis.
507 1553 619 1592 'Vulgo
651 1552 747 1582 vultu.

47 1605 157 1646 Infra,
182 1606 191 1622 ‘
208 1604 408 1636 accenditur
437 1603 526 1634 ultro
554 1601 747 1641 Relligione

47 1658 110 1690 loci
123 1658 142 1689 :'
179 1662 216 1687 et
242 1666 334 1694 mox,
364 1658 372 1671 ‘
391 1655 563 1694 solamque
593 1651 747 1683 instanti·

48 1708 109 1740 bus
136 1708 226 1739 ultro
255 1705 422 1737 Hostibus
449 1703 590 1744 exposui
603 1703 622 1740 3’
646 1708 748 1743 atque

47 1760 94 1791 ixa
105 1759 238 1800 passim.
262 1755 425 1797 Virgilius
439 1753 627 1785 AEneid.1v.
644 1756 652 1769 ⁴
665 1753 748 1783 Tan-

49 1811 125 1842 dem
141 1811 191 1841 his
208 1809 336 1840 AEnean
351 1807 535 1847 compellat
549 1804 685 1836 vocibus
701 1804 749 1835 ul-

49 1861 126 1893 tro.'
173 1861 212 1891 In
235 1859 382 1890 coelicolas
409 1857 512 1888 etiam
538 1855 748 1895 Isingrinu53

49 1911 137 1953 quod
155 1911 283 1952 placet:
316 1910 362 1940 sic
371 1908 456 1946 ferri
473 1908 503 1938 in
520 1907 634 1937 hostem
659 1915 749 1945 saepe

48 1962 136 2003 apud
154 1961 282 2002 poetas.
327 1960 395 1990 Pro
418 1960 497 1989 ultro
513 1956 699 1996 Isingrinus
715 1959 751 1986 et

49 2013 186 2054 quidam
202 2022 243 2043 ex
261 2011 384 2042 nostris
398 2010 537 2047 multum,
557 2018 624 2038 non
641 2007 726 2038 male
742 2018 749 2038 :

50 2064 104 2093 alii
134 2063 261 2093 vultum.
291 2066 329 2092 ut
358 2060 537 2099 legendum
569 2057 658 2088 forte
687 2058 749 2087 sit:

56 2114 151 2145 Vultu
166 2113 199 2143 in
215 2112 362 2143 coelicolas
370 2110 496 2148 furiato
508 2112 537 2139 et
552 2111 673 2149 pectore
682 2107 751 2145 fer-

50 2166 121 2195 tur.-
146 2169 317 2204 praetcrea
336 2160 420 2199 ferri
449 2161 481 2190 in
511 2168 576 2189 uno
594 2158 751 2188 Mediceo

49 2214 245 2256 profertum
273 2216 429 2243 venuste:
455 2208 623 2251 quomodo
635 2213 753 2239 noster

48 2274 114 2295 non
131 2274 218 2295 raro.
243 2264 288 2294 D.
304 2263 418 2293 Heius.

92 2316 154 2344 203
180 2312 345 2354 Hyrcana]
369 2311 490 2351 Tigres
506 2309 546 2340 ab
564 2308 750 2350 Hyrcania.

53 2366 164 2396 Barth.

97 2416 248 2456 Hyrcana
264 2415 375 2456 matre]
398 2414 568 2446 Maximus
593 2412 687 2444 furor
709 2412 751 2443 ti-

54 2466 118 2506 gris
135 2470 233 2505 rapto
251 2464 354 2496 foetu:
381 2470 495 2495 noster
520 2464 577 2495 lib.
594 2473 617 2495 1.
634 2463 668 2494 in
683 2464 750 2494 Ru-

51 2517 108 2546 tin.
143 2517 151 2531 ‘
169 2515 239 2545 Aut
267 2514 427 2555 Hyrcana
453 2524 611 2554 premens
638 2519 751 2554 rapto-

53 2577 124 2598 rem
151 2567 263 2596 bellua
287 2566 423 2606 partus!
468 2566 613 2605 Rapitur
637 2570 749 2596 antem

55 2627 142 2658 equo
159 2616 304 2647 maxime
327 2616 449 2653 veloci,
474 2616 665 2655 saepiusque
681 2625 751 2646 mu-

55 2671 140 2706 tato,
157 2676 198 2697 ne
213 2671 321 2696 mater
337 2666 496 2706 consequi
513 2665 631 2705 possit.
662 2665 752 2698 Plin.

55 2726 134 2749 vin.
151 2720 203 2748 18.
220 2716 273 2748 cui
290 2715 517 2756 adstipulatur
534 2715 676 2746 Flaccus
693 2715 754 2746 Ar-

1381 133 1493 175 1671

796 251 873 281 gon.
887 241 946 271 lib.
964 249 989 270 r.
1011 240 1020 255 ⁴
1038 239 1190 268 Venator
1208 246 1307 277 quum
1324 237 1430 268 lustra
1443 238 1494 269 fu.

795 293 857 331 git,
887 291 1090 330 dominoque
1119 288 1293 318 timentem
1324 287 1433 325 Urget
1460 298 1494 318 e-

795 352 908 383 quum,
933 348 1064 372 teneras
1087 339 1283 378 complexus
1301 343 1439 376 pectore
1455 337 1496 367 ti-

795 393 894 434 gres!
940 392 1087 423 Martial.
1103 391 1161 421 lib.
1175 398 1250 419 viii.
1266 389 1328 427 Ep.
1343 390 1394 417 26.
1406 387 1496 427 quod

796 445 837 475 dc
855 445 954 484 globo
972 444 1078 473 vitreo
1095 441 1231 481 objecto
1252 438 1362 471 matri.
1380 438 1413 467 in
1430 446 1495 477 quo

795 494 924 534 depicti
949 493 1053 523 catuli
1080 492 1120 521 ad
1149 500 1222 521 earn
1252 487 1498 527 rcmorandam,

798 545 941 585 petitum
966 549 1017 573 est
1046 552 1087 572 cx
1114 542 1244 572 AEliano
1274 540 1306 569 in
1333 539 1409 569 hist.
1426 541 1498 568 nat.

797 594 904 625 Addit
919 595 1024 624 sollu.
1039 603 1113 633 cap.
1128 595 1179 623 31.
1192 596 1320 621 tantan·
1337 590 1410 630 ejus
1423 597 1499 619 esse

797 646 935 683 rabiem,
962 647 969 662 ‘
992 650 1026 675 ut
1052 645 1125 674 navi
1153 643 1344 682 impositum
1371 638 1500 680 praeda-

798 701 916 735 torem,
932 695 1034 725 etiam
1049 692 1245 734 perductus
1259 694 1499 731 consequatur,

798 747 905 776 donec
931 745 1134 785 mergatur?
1169 743 1257 784 quod
1287 744 1403 772 mirum
1429 749 1498 770 ma-

798 797 885 827 tcini
902 796 1003 826 auiini
1017 794 1175 825 affectum
1193 795 1225 824 in
1241 794 1366 825 Cerere
1384 795 1499 832 potest

797 846 1002 886 exprimere.
1026 846 1169 885 Dempst.

840 900 902 928 261
935 897 1143 936 Achoemmioj
1180 896 1332 934 Persico,
1359 892 1501 932 Partho,

798 957 872 987 quae
891 952 962 978 tum
990 946 1151 986 temporis
1177 945 1312 976 nomina
1337 944 1426 974 idem
1442 951 1499 973 va-

799 998 944 1027 luerunt.
966 996 1083 1026 Barth.

840 1051 901 1078 265
928 1048 1046 1078 Fremit
1062 1047 1118 1076 illa
1133 1045 1261 1084 marito]
1284 1045 1444 1074 Fremere
1457 1042 1501 1073 ad

798 1098 1018 1129 velocitatem
1036 1097 1118 1127 nihil
1138 1095 1240 1126 facit:
1265 1094 1377 1125 malim
1395 1093 1500 1133 igitur

795 1150 933 1190 12remit,·
956 1152 993 1178 ut
1010 1147 1089 1178 alibi
1106 1158 1112 1177 :
1138 1147 1146 1163 ‘
1162 1145 1234 1176 Aut
1249 1145 1409 1185 Hyrcana
1425 1150 1501 1182 pre-

798 1208 893 1230 mens
905 1203 1075 1238 raptorem
1086 1196 1198 1227 bellua
1208 1193 1395 1225 Parthum.'
1410 1193 1503 1224 Prae-

800 1254 895 1281 terea
912 1259 974 1290 pro
998 1250 1104 1279 avexit
1127 1247 1237 1278 codex
1253 1247 1295 1278 V.
1308 1246 1346 1277 C.
1363 1246 1500 1276 Tliomae

801 1300 1001 1339 Bartholini‚
1038 1300 1171 1330 avertit:
1217 1297 1407 1336 eleganter.
1451 1294 1502 1326 D.

801 1352 913 1382 Heins.

843 1404 906 1432 2ϋῦ
931 1400 1078 1431 Nobilior
1102 1396 1259 1438 Zephyro]
1293 1396 1405 1436 Hujus
1431 1395 1503 1426 ani·

800 1452 896 1482 malis
921 1455 1016 1481 tanta
1040 1454 1093 1479 est
1118 1449 1313 1488 pernicitas,
1340 1451 1378 1477 ut
1402 1455 1419 1477 e
1437 1445 1502 1476 Ze-

801 1502 906 1542 phyro
923 1501 1044 1531 marito
1061 1499 1240 1539 concipere
1258 1496 1405 1528 dicatur.
1431 1496 1503 1526 Cla-

802 1561 866 1582 ver.

850 1601 1030 1633 Virentibus
1051 1599 1211 1640 Dispersit
1226 1597 1367 1637 maculis]
1391 1597 1439 1628 Ut
1455 1595 1504 1627 ef-

799 1653 943 1685 feratam
973 1659 1178 1691 cognoscere
1210 1649 1319 1689 possis
1350 1657 1391 1678 ex
1422 1646 1503 1688 ipsis

799 1703 954 1741 maculis,
986 1702 1081 1732 velut
1112 1698 1328 1730 horrentibus
1355 1701 1414 1727 aut
1444 1695 1504 1727 fla-

801 1752 978 1794 grantibus
996 1749 1182 1782 iracundia.
1217 1749 1357 1780 Viridem
1374 1746 1504 1787 pariter

799 1809 917 1835 noster
934 1802 1014 1833 alibi
1039 1800 1189 1832 Pardum
1214 1799 1376 1840 appellat.
1424 1797 1504 1827 Dis-

800 1854 914 1895 pergit
938 1858 1051 1883 autem
1079 1851 1162 1882 iram
1189 1849 1330 1880 maculis
1347 1858 1424 1879 cum
1440 1847 1504 1878 cri-

799 1915 859 1936 nes
877 1904 957 1935 varii
969 1903 1091 1934 coloris
1109 1901 1341 1940 subriguntur.
1366 1898 1483 1930 Barth.

842 1959 903 1988 267
927 1956 1125 1995 Jamjaquie
1152 1954 1300 1983 haustum
1332 1948 1504 1991 profundo]

800 2009 857 2040 Sic
905 2007 1093 2038 Claverius.
1150 2005 1260 2043 Vulgo
1306 2002 1504 2040 nimiumque.

800 2057 959 2097 Isingrin.
988 2056 1172 2095 inhialque:
1209 2052 1376 2094 quomodo
1414 2049 1504 2090 apud

802 2108 921 2148 Virgil.
947 2109 955 2124 ‘
976 2106 1154 2146 tenuitque
1185 2104 1313 2134 inhians
1340 2101 1405 2132 tria
1424 2100 1505 2131 Cer-

803 2158 904 2189 berus
919 2157 998 2188 ora.’
1028 2156 1090 2186 vir
1105 2156 1239 2192 doctus,
1255 2153 1310 2194 qui
1324 2153 1507 2190 mimumque

804 2209 933 2248 scribit,
953 2208 1090 2238 mimum
1119 2205 1266 2246 agebat:
1296 2204 1329 2234 in
1353 2201 1505 2234 secundo

803 2259 972 2290 Vaticano
1000 2258 1182 2297 rivumque5
1223 2266 1290 2286 non
1321 2255 1430 2285 male:
1469 2258 1507 2284 ut

804 2310 895 2349 apud
922 2309 1090 2339 Statium:
1115 2309 1123 2323 ⁴
1142 2307 1228 2338 natis
1255 2306 1416 2336 alimenta
1431 2313 1506 2334 cru·

804 2360 892 2391 entis
919 2360 1114 2399 Spirantem
1135 2357 1202 2388 fert
1219 2366 1276 2387 ore
1293 2354 1435 2386 virumz’
1459 2358 1508 2384 at-

803 2420 867 2451 que
885 2410 934 2440 ita
959 2409 1157 2448 conjecerat
1172 2406 1332 2437 Bai-thius
1350 2405 1439 2436 curis
1457 2413 1507 2434 se-

802 2460 945 2498 cundis;
976 2459 1042 2499 vel,
1064 2458 1275 2499 primumque:
1301 2456 1361 2487 sed
1388 2456 1508 2486 Clave-

801 2512 896 2542 riana
912 2510 1015 2541 lectio
1029 2509 1252 2540 veliementer
1271 2507 1413 2538 arridet,
1453 2503 1506 2534 sic

802 2563 887 2593 libro
925 2561 1032 2602 primo
1052 2571 1060 2590 :
1119 2561 1127 2575 ‘
1147 2559 1287 2599 Filaque
1341 2555 1505 2587 caeruleos

796 2613 1004 2654 jamjamque
1028 2610 1177 2641 levantia
1202 2608 1325 2639 fluctus
1356 2607 1438 2637 Arte
1456 2608 1506 2633 tu-

803 2671 897 2696 ment
912 2664 932 2695 2'
956 2664 1076 2695 utillic
1089 2662 1306 2701 conjecimus.
1334 2660 1376 2689 Ι).
1394 2655 1507 2686 Heius.

850 2716 1014 2746 Haustura
1036 2712 1189 2754 profundo
1207 2712 1271 2741 Ore
1297 2706 1412 2746 virum]
1442 2703 1505 2736 Cui
