1859 3148
313 183 429 225 1556

318 287 418 326 Saepe
436 285 599 321 clausum,
626 291 716 322 saepc
746 280 917 310 dimissum
944 285 1018 307 eum

319 337 442 369 Gothis
459 335 527 365 suis
544 334 715 365 Alaricum
732 331 796 361 alio
810 328 915 360 refert
934 328 1019 356 Oro-

317 388 395 419 sius.
454 384 738 425 Desperationem
770 386 879 411 autem
912 377 1022 408 innuit

321 436 538 472 Claudianus,
556 444 620 474 qua
644 433 774 462 hostem
793 433 936 466 urgente
954 436 1021 457 mo-

320 492 404 518 nent
433 483 671 525 persecutione
703 478 938 511 abstinendum
973 485 1023 506 sa·

323 538 467 578 pientes.
493 532 619 564 Barth..

365 590 407 617 08
450 584 594 614 Venturoe
623 580 741 611 conscia
782 578 903 617 mortis]
950 577 1024 608 Non

328 636 451 672 nuncia,
468 632 606 672 scripti:
645 630 731 660 vidit
764 629 934 660 Bai-thius.
986 628 1025 657 Ι).

326 686 440 717 Heius.

373 736 431 764 100
456 733 571 763 Procul
582 733 683 761 arceat
696 731 777 759 altus
789 726 932 767 Jupiter]
949 726 1027 756 Non

327 783 434 814 arcuit
452 782 509 812 diu
525 785 601 821 post
616 780 678 810 lioc
693 778 856 816 scriptum
873 786 880 805 2
905 774 1029 804 abomi-

328 833 418 864 natio
436 832 548 867 solita‚
572 829 629 860 ubi
647 828 689 858 de
706 826 853 858 hostium
869 823 1030 856 successi·

329 884 390 914 bus
407 890 517 912 sermo
535 884 598 910 est.
646 878 757 909 Sedent
774 876 903 911 Quirini
929 878 1030 904 vocat

328 933 484 970 Romam,
508 930 604 970 cujus
621 938 700 959 casu
717 928 772 958 diu
789 926 879 968 apud
896 925 1032 966 Capito-

329 983 409 1013 lium
427 984 607 1011 ostentata.
633 978 750 1009 Barth.

375 1035 432 1063 101
460 1029 596 1061 Delubra
610 1029 941 1067 Numae‚sanctnmque
957 1026 1034 1061 Qui-

330 1081 410 1121 rini]
433 1081 489 1112 Sic
507 1081 540 1110 in
564 1089 638 1109 meo
655 1079 722 1110 Mz.
740 1078 884 1108 antehac
903 1076 1034 1115 legeba-

331 1137 409 1164 tur:
445 1130 583 1162 Delubra
616 1129 741 1168 Numcr,
768 1129 926 1167 sedemque
959 1126 1036 1161 Qui-

331 1183 406 1213 riui.

379 1234 439 1263 103
464 1230 620 1261 Arcanum
633 1228 714 1259 tanti
728 1227 834 1266 regni]
857 1227 1037 1265 Sacra‚pe-

333 1282 491 1317 uenalia,
507 1280 629 1311 Sedem
643 1278 803 1317 Imperii:
828 1276 947 1316 quibus
960 1274 1038 1304 visis

334 1334 516 1364 admiratio
541 1331 628 1361 tanti
656 1329 767 1368 Regni
798 1328 1038 1363 imminuatur;

334 1393 401 1414 uon
429 1382 520 1417 visis
548 1380 714 1419 majestas
742 1377 891 1407 exterior
917 1383 1040 1405 numen

337 1432 506 1475 quoddam
524 1430 615 1460 intus
630 1428 785 1458 habitans
799 1426 909 1466 fingit.
941 1425 1040 1464 Spar-

337 1483 509 1523 gebantur
533 1479 643 1510 veteri
672 1487 763 1508 more
790 1477 929 1507 Arcana
952 1485 1042 1514 quae-

337 1534 415 1564 dam
441 1533 592 1563 Deorum
622 1528 780 1568 deposita
810 1525 1042 1566 penetralibus

337 1591 536 1623 magnarum
553 1579 684 1610 urbium
698 1576 838 1612 servari,
855 1574 975 1614 quibus
993 1583 1043 1603 sa-

337 1633 388 1663 lus
417 1630 549 1670 imperii
578 1628 679 1659 salvis
716 1629 901 1657 constaret.
959 1623 1044 1653 Tale

339 1682 516 1714 Palladium
543 1678 660 1718 'l'rojae
685 1682 780 1714 erat;
814 1675 932 1706 Vestae
960 1672 1045 1713 ignis

342 1732 472 1762 Romae.

384 1779 602 1820 Deprendere]
625 1777 703 1808 Nou
717 1776 804 1807 enim
820 1773 1046 1806 enarrabatur

343 1829 505 1870 alioquin,
522 1838 584 1859 nec
601 1826 709 1858 oculis
725 1823 971 1866 exponebatur.

387 1884 448 1912 108
478 1880 568 1911 Vires
598 1880 749 1910 Esercere
775 1875 885 1915 dabat]
919 1873 1047 1906 Dabunt

344 1941 420 1962 cum
448 1929 652 1961 membranis
678 1926 830 1958 omnibus
855 1923 1047 1965 legendum.

345 1981 494 2021 Vulgata
507 1976 889 2018 lectioRaphelengium
899 1973 1050 2012 decepit,

345 2031 403 2071 qui
418 2040 459 2060 ex
477 2030 679 2069 conjectura
696 2027 767 2057 viri
784 2025 936 2061 maximi,
950 2024 1050 2054 virtus

347 2081 503 2111 Exercet-e
526 2079 642 2109 dabat:
663 2077 776 2107 malim
804 2081 839 2106 et
864 2077 961 2112 tutas,
988 2082 1049 2113 pro

346 2135 434 2165 tut0,·
459 2136 553 2161 certe
579 2129 645 2158 duo
661 2126 820 2158 Vaticani
844 2128 934 2156 totas.
979 2123 1049 2154 Pro

345 2181 467 2212 diversa
483 2178 623 2219 Gyrald.
641 2183 675 2208 et
700 2181 845 2218 quatuor
869 2175 923 2205 alii
939 2174 1049 2205 diuisa.

348 2232 396 2263 D.
414 2230 531 2261 Heius.

395 2283 458 2312 100
485 2280 660 2317 Regtunque
672 2276 803 2316 catenae]
829 2276 971 2306 Catervoe
983 2283 1054 2305 rec-

351 2330 419 2362 tius
436 2339 555 2360 novem
570 2328 657 2358 libri.
680 2328 776 2358 Idem.

397 2381 516 2411 Currus
538 2387 702 2418 regumque
716 2376 846 2416 catenae]
870 2374 972 2415 Capti
997 2373 1055 2403 tri-

354 2430 574 2470 umpliatique
593 2429 715 2467 Reges.
742 2427 856 2457 Barth.

400 2483 462 2513 110
485 2480 680 2510 Almnduntis
703 2477 788 2516 sati]
826 2477 904 2507 Quo
938 2482 1054 2505 carere

358 2536 515 2573 poterant
532 2530 619 2559 citra
637 2528 888 2558 detrimentum.
919 2526 1013 2554 Idem.

402 2585 460 2613 111
490 2577 720 2617 Circumstetit]
751 2577 797 2607 Ut
825 2584 942 2614 magua
968 2573 1054 2613 peri-

359 2632 436 2663 cula
451 2631 558 2661 videri
576 2630 699 2661 solent.
732 2626 908 2666 Virgilius.
927 2624 999 2655 AEn.
1017 2633 1056 2653 11.

358 2683 367 2699 ‘
386 2681 435 2713 At
451 2691 502 2712 me
520 2688 590 2711 tum
618 2679 762 2720 primum
787 2686 895 2708 saevus
919 2675 1059 2706 circum-

361 2731 459 2763 stetit
474 2728 617 2762 horror.’
643 2729 742 2759 Idem.

527 189 670 221 NOTAE
703 183 966 217 VAmoRUM
1004 180 1052 210 m
1088 179 1163 209 Gt..
1195 175 1378 207 CLAUD.
1412 170 1559 203 xxv1.

1116 274 1177 302 113
1215 270 1310 301 Ratio
1342 270 1467 298 ventosa
1487 261 1627 302 fatoris]
1661 261 1774 292 Vento

1075 336 1163 357 aurae
1178 331 1333 367 a’quatur
1350 324 1448 354 favor
1461 320 1647 362 populariS.
1679 319 1775 349 Idem.

1121 377 1215 407 Ratio
1243 379 1364 406 ventosa
1384 371 1523 411 favoris]
1558 369 1686 401 Furoris
1707 367 1777 408 Gy-

1076 426 1160 457 rald.
1178 432 1213 456 et
1231 425 1297 456 duo
1313 425 1391 460 alii;
1415 423 1481 453 duo
1498 419 1648 452 Medicei
1666 422 1701 448 et
1713 417 1779 448 Pa-

1078 477 1135 506 lat.
1152 476 1293 511 amorim
1317 474 1405 505 forte
1429 472 1568 503 tumoris.
1613 469 1683 500 Pro
1698 475 1780 507 spec-⁴

1077 530 1144 556 tata
1161 525 1226 556 duo
1243 525 1322 556 libri
1339 525 1488 564 suspecta.
1512 522 1559 551 D.
1574 518 1694 550 Heius.

1123 578 1184 605 1Ιὸ
1211 576 1276 606 Nec
1301 585 1357 614 pro
1383 581 1520 604 successu
1547 565 1699 606 linuidus]
1725 565 1782 596 Ni—

1081 628 1159 657 mius
1175 627 1353 666 eleganter
1371 622 1488 662 scripti
1505 620 1672 661 plerique.
1711 616 1785 646 Proe

1079 686 1215 707 successu
1228 676 1328 705 etiam
1347 679 1418 712 opt.
1441 672 1595 702 Ambros.
1611 667 1698 708 apud
1717 665 1786 695 Ta·

1081 728 1200 763 citum,
1225 724 1284 755 lib.
1303 733 1343 754 11.
1367 723 1458 754 Hist.
1481 723 1490 738 ‘
1508 719 1649 751 Galeria
1674 716 1786 755 Impe-

1081 776 1201 806 ratoris
1218 783 1303 804 uxor
1319 782 1384 802 non
1402 772 1507 801 nimia
1530 769 1680 800 tristibus
1695 765 1714 796 :’
1738 765 1785 796 sic

1082 832 1118 857 et
1145 824 1260 856 Livius
1289 822 1456 854 Manlium
1481 820 1489 836 ‘
1508 817 1646 849 nimium
1676 813 1788 845 animi’

1084 875 1249 916 appellat.
1305 871 1474 912 Vopiscus
1512 869 1545 899 in
1584 865 1788 898 Aureliano:

1083 930 1091 943 ‘
1110 925 1244 957 Nimius
1262 927 1326 960 est,
1352 921 1479 952 multus
1504 923 1568 956 est,
1596 916 1707 955 gravis
1723 919 1789 952 est,

1086 976 1126 1007 ad
1144 979 1262 1006 nostra
1278 981 1342 1003 non
1369 970 1453 1001 facit
1473 965 1650 1007 tempora!
1689 964 1790 1004 Capi·

1087 1026 1211 1057 tolinus
1243 1023 1274 1053 in
1306 1019 1504 1056 Gordianis,
1533 1019 1542 1033 ‘
1561 1015 1716 1047 Moribus
1743 1014 1792 1044 ita

1086 1075 1296 1111 moderatus,
1307 1075 1343 1102 ut
1353 1070 1433 1100 nihil
1447 1068 1554 1108 possis
1564 1067 1690 1102 dicere,
1701 1064 1791 1105 quod

1088 1126 1147 1156 ille
1174 1129 1233 1154 aut
1249 1121 1384 1161 cupide,
1410 1122 1469 1149 aut
1495 1114 1708 1152 immodeste,
1734 1117 1793 1144 aut

1089 1175 1190 1206 nimie
1207 1170 1348 1213 ageret!
1376 1170 1507 1199 Seneca
1526 1166 1794 1204 Agamemnone,

1090 1235 1137 1255 vs.
1154 1226 1205 1254 8-1.
1229 1224 1238 1238 ‘
1255 1222 1411 1260 Quaeque
1427 1215 1591 1256 superbos
1616 1213 1683 1244 urit
1699 1213 1795 1243 Erin-

1090 1284 1153 1314 nys
1172 1272 1301 1304 Nimias
1317 1277 1449 1308 semper
1465 1265 1625 1297 comitata
1641 1262 1757 1293 domos
1773 1261 1794 1293 ς’

1090 1324 1137 1354 sic
1151 1321 1297 1361 optimus
1310 1317 1502 1348 Mediceus.
1526 1314 1638 1352 Vulgo
1652 1312 1795 1342 tumidas.

1093 1369 1265 1404 Martialis
1291 1369 1410 1408 Spect.
1443 1367 1451 1382 ‘
1470 1363 1628 1397 Qualiter
1655 1362 1690 1392 in
1717 1363 1796 1401 Scy-

1092 1422 1185 1454 thica
1202 1419 1366 1459 religatus
1384 1425 1467 1456 rupe
1485 1412 1710 1445 Prometheus
1735 1409 1798 1441 As-

1092 1472 1220 1502 sitluam
1247 1468 1350 1498 nimio
1380 1471 1522 1506 pectore
1552 1462 1647 1503 pavit
1674 1458 1795 1491 avernss

1096 1521 1205 1551 Nimio
1218 1521 1352 1558 pectore,
1368 1517 1431 1546 hoc
1447 1520 1513 1553 est,
1530 1514 1561 1544 in
1577 1521 1692 1552 poenas
1716 1519 1798 1541 sem-

1095 1579 1157 1610 per
1174 1567 1343 1599 crescenti
1372 1571 1407 1596 et
1435 1565 1533 1595 nimis
1562 1561 1734 1599 foecundn,
1760 1565 1799 1591 ut

1094 1619 1257 1658 Virgilius
1272 1616 1431 1656 loquitur.
1462 1614 1555 1644 Male
1572 1621 1653 1651 ergo
1669 1611 1750 1641 nudo
1765 1614 1800 1641 et

1096 1672 1163 1701 viro
1186 1673 1306 1710 pectore
1329 1666 1524 1708 conjiciunt.
1569 1663 1698 1694 Statius
1721 1661 1801 1701 Epi-

1097 1720 1194 1752 cetlio
1223 1718 1355 1750 Patris:
1388 1717 1397 1732 ‘
1416 1716 1536 1746 nimius
1563 1713 1707 1744 fortasse
1735 1711 1801 1741 avi·

1098 1770 1228 1810 diisque
1255 1768 1380 1798 doloris
1406 1766 1515 1796 Dicor
1529 1764 1549 1795 :’
1587 1767 1622 1794 et
1649 1762 1800 1798 ibidem;

1099 1820 1107 1836 ‘
1127 1818 1269 1858 raperis,
1297 1816 1442 1855 genitor,
1465 1824 1531 1844 non
1563 1813 1693 1852 indigus
1725 1809 1801 1849 aevi,

1101 1869 1178 1900 Non
1210 1864 1354 1897 nimius)
1416 1862 1632 1894 Achilleide:
1672 1862 1680 1877 ⁴
1702 1860 1801 1891 Nunc

1099 1919 1219 1949 nimius
1235 1916 1335 1947 lateri
1362 1924 1426 1945 non
1451 1913 1612 1944 evitantis
1629 1907 1802 1942 adhaeret.’

1102 1969 1197 1998 Idem.

1144 2018 1211 2048 Nec
1238 2026 1295 2056 pro
1324 2023 1461 2045 successu
1491 2010 1644 2050 tumidus]
1683 2007 1803 2040 Efferri

1101 2077 1211 2098 rerum
1230 2074 1405 2102 successu,
1419 2067 1538 2093 contra
1555 2059 1731 2091 consilium
1747 2058 1805 2088 Sa-

1103 2117 1241 2158 pientiae
1266 2121 1328 2145 est.
1376 2113 1498 2144 Horat.
1521 2112 1543 2141 l.
1561 2120 1599 2142 n.
1624 2110 1735 2140 Carm.
1752 2110 1802 2138 10.

1102 2172 1110 2185 ⁶
1131 2167 1240 2198 Rebus
1257 2164 1410 2205 angustis
1424 2163 1594 2193 animosus
1607 2165 1709 2200 atque
1725 2158 1805 2188 For-

1105 2219 1147 2248 tis
1159 2226 1305 2258 appare:
1333 2214 1505 2254 sapienter
1518 2212 1607 2242 idem
1619 2207 1807 2241 Contrahes

1106 2272 1206 2298 vento
1224 2265 1361 2296 nimium
1377 2262 1524 2294 secundo
1547 2259 1696 2300 Turgida
1712 2255 1807 2288 vela?

1107 2318 1222 2348 Barth.

1151 2369 1210 2396 122
1237 2365 1451 2402 parcendoque
1480 2360 1578 2400 secat]
1615 2361 1806 2399 Utrumque

1107 2417 1205 2449 simul
1223 2425 1337 2454 agens,
1354 2422 1494 2454 parcere
1509 2417 1542 2442 et
1560 2419 1688 2441 secare.
1714 2410 1810 2440 Idem.

1149 2466 1287 2503 Longius
1312 2463 1396 2502 acto]
1427 2462 1563 2499 Largius
1588 2459 1709 2500 scripti
1726 2458 1807 2490 fere

1108 2527 1242 2548 omnes:
1271 2515 1361 2555 prior
1376 2513 1465 2543 Mor.
1484 2512 1587 2541 lacius.
1612 2511 1657 2541 D.
1673 2509 1792 2540 Heius.

1153 2570 1211 2598 127
1241 2565 1349 2596 xit-eis
1365 2563 1540 2603 quadrigis]
1575 2560 1719 2592 Camillo
1744 2558 1807 2589 hoe

1108 2619 1262 2651 invisum.
1288 2615 1403 2647 Barth..

1154 2671 1215 2699 130
1242 2666 1331 2698 Nulli
1352 2663 1460 2705 pervia
1481 2661 1593 2702 culpae]
1626 2660 1808 2691 Contemto

1112 2728 1191 2750 auro
1205 2716 1322 2757 Regio.
1353 2716 1393 2746 In
1408 2723 1473 2756 quo
1486 2712 1689 2745 animositas.
1712 2710 1808 2741 Idem
