<?xml version="1.0" encoding="UTF-8"?>
<!DOCTYPE html PUBLIC "-//W3C//DTD XHTML 1.0 Transitional//EN"
    "http://www.w3.org/TR/xhtml1/DTD/xhtml1-transitional.dtd">
<html xmlns="http://www.w3.org/1999/xhtml" xml:lang="en" lang="en">
 <head>
  <title>
</title>
<meta http-equiv="Content-Type" content="text/html;charset=utf-8" />
  <meta name='ocr-system' content='tesseract 3.04.00' />
  <meta name='ocr-capabilities' content='ocr_page ocr_carea ocr_par ocr_line ocrx_word'/>
</head>
<body>
  <div class='ocr_page' id='page_1' title='image "./operaomniaexedit04clauuoft_0228.png"; bbox 0 0 1859 3148; ppageno 0'>
   <div class='ocr_carea' id='block_1_1' title="bbox 345 115 458 158">
    <p class='ocr_par' dir='ltr' id='par_1_1' title="bbox 345 115 458 158">
     <span class='ocr_line' id='line_1_1' title="bbox 345 115 458 158; baseline 0.018 -2"><span class='ocrx_word' id='word_1_1' title='bbox 345 115 458 158; x_wconf 82' lang='lat'>1696</span> 
     </span>
    </p>
   </div>
   <div class='ocr_carea' id='block_1_2' title="bbox 340 219 1046 2701">
    <p class='ocr_par' dir='ltr' id='par_1_2' title="bbox 347 219 574 250">
     <span class='ocr_line' id='line_1_2' title="bbox 347 219 574 250; baseline 0 0"><span class='ocrx_word' id='word_1_2' title='bbox 347 219 428 250; x_wconf 86' lang='lat' dir='ltr'>diat.</span> <span class='ocrx_word' id='word_1_3' title='bbox 458 219 574 250; x_wconf 79' lang='lat' dir='ltr'>Barth.</span> 
     </span>
    </p>

    <p class='ocr_par' dir='ltr' id='par_1_3' title="bbox 343 267 1044 452">
     <span class='ocr_line' id='line_1_3' title="bbox 388 267 1041 311; baseline -0.003 -11"><span class='ocrx_word' id='word_1_4' title='bbox 388 273 409 300; x_wconf 82' lang='lat'><strong>6</strong></span> <span class='ocrx_word' id='word_1_5' title='bbox 431 270 547 311; x_wconf 79' lang='lat' dir='ltr'>Affiata</span> <span class='ocrx_word' id='word_1_6' title='bbox 563 269 657 309; x_wconf 77' lang='lat' dir='ltr'>rotis]</span> <span class='ocrx_word' id='word_1_7' title='bbox 697 269 863 298; x_wconf 75' lang='lat' dir='ltr'>Percussa</span> <span class='ocrx_word' id='word_1_8' title='bbox 889 267 983 298; x_wconf 89' lang='lat' dir='ltr'>velut</span> <span class='ocrx_word' id='word_1_9' title='bbox 1010 267 1041 298; x_wconf 83' lang='lat' dir='ltr'>vi</span> 
     </span>
     <span class='ocr_line' id='line_1_4' title="bbox 346 318 1039 359; baseline 0 -10"><span class='ocrx_word' id='word_1_10' title='bbox 346 321 452 359; x_wconf 82' lang='lat' dir='ltr'>venti,</span> <span class='ocrx_word' id='word_1_11' title='bbox 468 330 543 351; x_wconf 85' lang='lat' dir='ltr'>nam</span> <span class='ocrx_word' id='word_1_12' title='bbox 560 330 598 351; x_wconf 78' lang='lat' dir='ltr'>ea</span> <span class='ocrx_word' id='word_1_13' title='bbox 614 321 663 350; x_wconf 80' lang='lat' dir='ltr'>vis</span> <span class='ocrx_word' id='word_1_14' title='bbox 676 325 710 349; x_wconf 91' lang='lat' dir='ltr'>et</span> <span class='ocrx_word' id='word_1_15' title='bbox 727 318 821 348; x_wconf 77' lang='lat' dir='ltr'>Solis,</span> <span class='ocrx_word' id='word_1_16' title='bbox 856 318 1039 357; x_wconf 81' lang='lat' dir='ltr'>Virgilius:</span> 
     </span>
     <span class='ocr_line' id='line_1_5' title="bbox 343 366 1044 409; baseline -0.003 -8"><span class='ocrx_word' id='word_1_17' title='bbox 343 372 352 387; x_wconf 90' lang='lat'>‘</span> <span class='ocrx_word' id='word_1_18' title='bbox 369 370 436 401; x_wconf 76' lang='lat' dir='ltr'>Sed</span> <span class='ocrx_word' id='word_1_19' title='bbox 453 381 504 402; x_wconf 90' lang='lat' dir='ltr'>me</span> <span class='ocrx_word' id='word_1_20' title='bbox 522 380 630 401; x_wconf 81' lang='lat' dir='ltr'>saevus</span> <span class='ocrx_word' id='word_1_21' title='bbox 657 369 749 409; x_wconf 83' lang='lat' dir='ltr'>equis</span> <span class='ocrx_word' id='word_1_22' title='bbox 773 366 897 398; x_wconf 81' lang='lat' dir='ltr'>Oriens</span> <span class='ocrx_word' id='word_1_23' title='bbox 916 367 1044 399; x_wconf 86' lang='lat' dir='ltr'>afflavit</span> 
     </span>
     <span class='ocr_line' id='line_1_6' title="bbox 346 420 500 452; baseline 0 -1"><span class='ocrx_word' id='word_1_24' title='bbox 346 420 500 452; x_wconf 65' lang='lat' dir='ltr'>anhelis!</span> 
     </span>
    </p>

    <p class='ocr_par' dir='ltr' id='par_1_4' title="bbox 343 468 1046 749">
     <span class='ocr_line' id='line_1_7' title="bbox 389 468 1043 509; baseline -0.003 -8"><span class='ocrx_word' id='word_1_25' title='bbox 389 471 512 509; x_wconf 79' lang='lat' dir='ltr'>Resugo</span> <span class='ocrx_word' id='word_1_26' title='bbox 521 468 652 508; x_wconf 79' lang='lat' dir='ltr'>amictu]</span> <span class='ocrx_word' id='word_1_27' title='bbox 691 469 799 501; x_wconf 84' lang='lat' dir='ltr'>Quem</span> <span class='ocrx_word' id='word_1_28' title='bbox 818 478 920 509; x_wconf 85' lang='lat' dir='ltr'>super</span> <span class='ocrx_word' id='word_1_29' title='bbox 933 469 1043 500; x_wconf 86' lang='lat' dir='ltr'>omnia</span> 
     </span>
     <span class='ocr_line' id='line_1_8' title="bbox 345 519 1042 560; baseline -0.003 -8"><span class='ocrx_word' id='word_1_30' title='bbox 345 521 531 552; x_wconf 75' lang='lat' dir='ltr'>extendere</span> <span class='ocrx_word' id='word_1_31' title='bbox 568 519 687 550; x_wconf 72' lang='lat' dir='ltr'>Poetis</span> <span class='ocrx_word' id='word_1_32' title='bbox 728 528 795 550; x_wconf 88' lang='lat' dir='ltr'>nox</span> <span class='ocrx_word' id='word_1_33' title='bbox 832 520 1042 560; x_wconf 85' lang='lat' dir='ltr'>perhibetur.</span> 
     </span>
     <span class='ocr_line' id='line_1_9' title="bbox 346 569 1043 609; baseline -0.001 -8"><span class='ocrx_word' id='word_1_34' title='bbox 346 571 473 601; x_wconf 87' lang='lat' dir='ltr'>Eodem</span> <span class='ocrx_word' id='word_1_35' title='bbox 491 569 643 609; x_wconf 80' lang='lat' dir='ltr'>respexit</span> <span class='ocrx_word' id='word_1_36' title='bbox 670 569 768 600; x_wconf 86' lang='lat' dir='ltr'>Maro</span> <span class='ocrx_word' id='word_1_37' title='bbox 793 579 869 600; x_wconf 89' lang='lat' dir='ltr'>cum</span> <span class='ocrx_word' id='word_1_38' title='bbox 886 570 927 600; x_wconf 87' lang='lat' dir='ltr'>de</span> <span class='ocrx_word' id='word_1_39' title='bbox 943 576 1043 601; x_wconf 90' lang='lat' dir='ltr'>nocte</span> 
     </span>
     <span class='ocr_line' id='line_1_10' title="bbox 345 619 1046 658; baseline 0 -9"><span class='ocrx_word' id='word_1_40' title='bbox 345 620 490 650; x_wconf 75' lang='lat' dir='ltr'>cecinit:</span> <span class='ocrx_word' id='word_1_41' title='bbox 527 619 735 650; x_wconf 74' lang='lat' dir='ltr'>‘Involvens</span> <span class='ocrx_word' id='word_1_42' title='bbox 777 619 894 650; x_wconf 90' lang='lat' dir='ltr'>umbra</span> <span class='ocrx_word' id='word_1_43' title='bbox 923 629 1046 658; x_wconf 81' lang='lat' dir='ltr'>magna</span> 
     </span>
     <span class='ocr_line' id='line_1_11' title="bbox 343 667 1044 708; baseline -0.003 -9"><span class='ocrx_word' id='word_1_44' title='bbox 343 674 539 708; x_wconf 84' lang='lat' dir='ltr'>terramque</span> <span class='ocrx_word' id='word_1_45' title='bbox 566 668 768 708; x_wconf 65' lang='lat' dir='ltr'>polumque?</span> <span class='ocrx_word' id='word_1_46' title='bbox 806 667 860 698; x_wconf 86' lang='lat' dir='ltr'>Ab</span> <span class='ocrx_word' id='word_1_47' title='bbox 887 669 1044 707; x_wconf 78' lang='lat' dir='ltr'>amplexu</span> 
     </span>
     <span class='ocr_line' id='line_1_12' title="bbox 345 718 874 749; baseline 0 -1"><span class='ocrx_word' id='word_1_48' title='bbox 345 718 508 749; x_wconf 75' lang='lat' dir='ltr'>vIdelicet</span> <span class='ocrx_word' id='word_1_49' title='bbox 525 722 559 748; x_wconf 92' lang='lat' dir='ltr'>et</span> <span class='ocrx_word' id='word_1_50' title='bbox 577 719 732 749; x_wconf 88' lang='lat' dir='ltr'>circuitu.</span> <span class='ocrx_word' id='word_1_51' title='bbox 756 718 874 749; x_wconf 65' lang='lat' dir='ltr'>Barth.</span> 
     </span>
    </p>

    <p class='ocr_par' dir='ltr' id='par_1_5' title="bbox 344 768 1045 860">
     <span class='ocr_line' id='line_1_13' title="bbox 386 768 1045 808; baseline 0 -9"><span class='ocrx_word' id='word_1_52' title='bbox 386 772 404 799; x_wconf 87' lang='grc' dir='ltr'>ἰ·</span> <span class='ocrx_word' id='word_1_53' title='bbox 435 770 621 800; x_wconf 73' lang='lat' dir='ltr'>Fortunatus</span> <span class='ocrx_word' id='word_1_54' title='bbox 642 769 785 808; x_wconf 72' lang='lat' dir='ltr'>niinium]</span> <span class='ocrx_word' id='word_1_55' title='bbox 819 768 872 800; x_wconf 83' lang='lat' dir='ltr'>Ad</span> <span class='ocrx_word' id='word_1_56' title='bbox 901 769 1045 799; x_wconf 89' lang='lat' dir='ltr'>miracu-</span> 
     </span>
     <span class='ocr_line' id='line_1_14' title="bbox 344 820 547 860; baseline 0.005 -11"><span class='ocrx_word' id='word_1_57' title='bbox 344 820 413 850; x_wconf 85' lang='lat' dir='ltr'>lum</span> <span class='ocrx_word' id='word_1_58' title='bbox 431 829 547 860; x_wconf 86' lang='lat' dir='ltr'>usque.</span> 
     </span>
    </p>

    <p class='ocr_par' dir='ltr' id='par_1_6' title="bbox 344 869 1045 1051">
     <span class='ocr_line' id='line_1_15' title="bbox 391 869 1045 909; baseline 0 -10"><span class='ocrx_word' id='word_1_59' title='bbox 391 869 535 900; x_wconf 79' lang='lat' dir='ltr'>Titanius</span> <span class='ocrx_word' id='word_1_60' title='bbox 550 869 625 909; x_wconf 79' lang='lat' dir='ltr'>ales]</span> <span class='ocrx_word' id='word_1_61' title='bbox 662 869 731 900; x_wconf 90' lang='lat' dir='ltr'>Soli</span> <span class='ocrx_word' id='word_1_62' title='bbox 761 878 858 900; x_wconf 85' lang='lat' dir='ltr'>sacer</span> <span class='ocrx_word' id='word_1_63' title='bbox 887 869 1045 900; x_wconf 72' lang='lat' dir='ltr'>Phoenix.</span> 
     </span>
     <span class='ocr_line' id='line_1_16' title="bbox 346 919 1044 951; baseline -0.003 0"><span class='ocrx_word' id='word_1_64' title='bbox 346 921 477 951; x_wconf 88' lang='lat' dir='ltr'>Plinius</span> <span class='ocrx_word' id='word_1_65' title='bbox 504 929 538 950; x_wconf 77' lang='lat' dir='ltr'>x.</span> <span class='ocrx_word' id='word_1_66' title='bbox 563 923 595 950; x_wconf 80' lang='lat'>2.</span> <span class='ocrx_word' id='word_1_67' title='bbox 628 930 670 951; x_wconf 84' lang='lat' dir='ltr'>ex</span> <span class='ocrx_word' id='word_1_68' title='bbox 689 920 831 950; x_wconf 84' lang='lat' dir='ltr'>Manilio</span> <span class='ocrx_word' id='word_1_69' title='bbox 855 919 1044 950; x_wconf 83' lang='lat' dir='ltr'>Senatore:</span> 
     </span>
     <span class='ocr_line' id='line_1_17' title="bbox 344 969 1045 1008; baseline -0.004 -6"><span class='ocrx_word' id='word_1_70' title='bbox 344 972 483 1002; x_wconf 85' lang='lat' dir='ltr'>Sacrum</span> <span class='ocrx_word' id='word_1_71' title='bbox 508 971 542 1001; x_wconf 89' lang='lat' dir='ltr'>in</span> <span class='ocrx_word' id='word_1_72' title='bbox 567 969 697 1001; x_wconf 81' lang='lat' dir='ltr'>Arabia</span> <span class='ocrx_word' id='word_1_73' title='bbox 724 969 795 1000; x_wconf 91' lang='lat' dir='ltr'>Soli</span> <span class='ocrx_word' id='word_1_74' title='bbox 821 978 905 1008; x_wconf 84' lang='lat' dir='ltr'>esse,</span> <span class='ocrx_word' id='word_1_75' title='bbox 931 969 1045 1000; x_wconf 76' lang='lat' dir='ltr'>vivere</span> 
     </span>
     <span class='ocr_line' id='line_1_18' title="bbox 347 1020 670 1051; baseline -0.003 0"><span class='ocrx_word' id='word_1_76' title='bbox 347 1022 440 1051; x_wconf 82' lang='lat' dir='ltr'>annis</span> <span class='ocrx_word' id='word_1_77' title='bbox 456 1023 530 1051; x_wconf 80' lang='lat'>660.</span> <span class='ocrx_word' id='word_1_78' title='bbox 554 1020 670 1051; x_wconf 77' lang='lat' dir='ltr'>Barth.</span> 
     </span>
    </p>

    <p class='ocr_par' dir='ltr' id='par_1_7' title="bbox 345 1069 1046 1257">
     <span class='ocr_line' id='line_1_19' title="bbox 388 1069 1045 1110; baseline -0.002 -10"><span class='ocrx_word' id='word_1_79' title='bbox 388 1074 407 1100; x_wconf 88' lang='lat' dir='ltr'>S</span> <span class='ocrx_word' id='word_1_80' title='bbox 435 1071 543 1109; x_wconf 78' lang='lat' dir='ltr'>Regna</span> <span class='ocrx_word' id='word_1_81' title='bbox 558 1070 645 1108; x_wconf 83' lang='lat' dir='ltr'>colit]</span> <span class='ocrx_word' id='word_1_82' title='bbox 672 1070 791 1109; x_wconf 85' lang='lat' dir='ltr'>Regna</span> <span class='ocrx_word' id='word_1_83' title='bbox 807 1070 972 1110; x_wconf 84' lang='lat' dir='ltr'>cujusque</span> <span class='ocrx_word' id='word_1_84' title='bbox 989 1069 1045 1100; x_wconf 85' lang='lat' dir='ltr'>ubi</span> 
     </span>
     <span class='ocr_line' id='line_1_20' title="bbox 345 1120 1045 1160; baseline -0.001 -9"><span class='ocrx_word' id='word_1_85' title='bbox 345 1120 375 1151; x_wconf 85' lang='lat' dir='ltr'>ei</span> <span class='ocrx_word' id='word_1_86' title='bbox 400 1121 485 1151; x_wconf 85' lang='lat' dir='ltr'>bene</span> <span class='ocrx_word' id='word_1_87' title='bbox 512 1120 764 1160; x_wconf 86' lang='lat' dir='ltr'>propritimque</span> <span class='ocrx_word' id='word_1_88' title='bbox 786 1120 925 1150; x_wconf 64' lang='lat' dir='ltr'>vivitur.</span> <span class='ocrx_word' id='word_1_89' title='bbox 970 1120 1045 1150; x_wconf 66' lang='lat' dir='ltr'>Vir-</span> 
     </span>
     <span class='ocr_line' id='line_1_21' title="bbox 345 1169 1046 1211; baseline -0.003 -10"><span class='ocrx_word' id='word_1_90' title='bbox 345 1171 466 1211; x_wconf 85' lang='lat' dir='ltr'>gilius:</span> <span class='ocrx_word' id='word_1_91' title='bbox 491 1171 500 1187; x_wconf 84' lang='lat'>‘</span> <span class='ocrx_word' id='word_1_92' title='bbox 525 1171 609 1201; x_wconf 86' lang='lat' dir='ltr'>Post</span> <span class='ocrx_word' id='word_1_93' title='bbox 640 1170 770 1210; x_wconf 78' lang='lat' dir='ltr'>aliquot</span> <span class='ocrx_word' id='word_1_94' title='bbox 801 1170 893 1210; x_wconf 84' lang='lat' dir='ltr'>(mea</span> <span class='ocrx_word' id='word_1_95' title='bbox 924 1169 1046 1209; x_wconf 77' lang='lat' dir='ltr'>regna)</span> 
     </span>
     <span class='ocr_line' id='line_1_22' title="bbox 345 1220 574 1257; baseline 0 -7"><span class='ocrx_word' id='word_1_96' title='bbox 345 1220 488 1257; x_wconf 81' lang='lat' dir='ltr'>videns‚’</span> <span class='ocrx_word' id='word_1_97' title='bbox 510 1223 574 1250; x_wconf 58' lang='lat' dir='ltr'>See.</span> 
     </span>
    </p>

    <p class='ocr_par' dir='ltr' id='par_1_8' title="bbox 344 1268 1046 1499">
     <span class='ocr_line' id='line_1_23' title="bbox 388 1268 1046 1308; baseline -0.003 -9"><span class='ocrx_word' id='word_1_98' title='bbox 388 1270 535 1307; x_wconf 82' lang='lat' dir='ltr'>Solusque</span> <span class='ocrx_word' id='word_1_99' title='bbox 546 1269 639 1307; x_wconf 82' lang='lat' dir='ltr'><em>plaga</em></span> <span class='ocrx_word' id='word_1_100' title='bbox 651 1268 792 1305; x_wconf 79' lang='lat' dir='ltr'>defensus</span> <span class='ocrx_word' id='word_1_101' title='bbox 807 1268 928 1308; x_wconf 78' lang='lat' dir='ltr'>iniqua]</span> <span class='ocrx_word' id='word_1_102' title='bbox 964 1268 1046 1307; x_wconf 82' lang='lat' dir='ltr'>Alii,</span> 
     </span>
     <span class='ocr_line' id='line_1_24' title="bbox 345 1317 1044 1359; baseline -0.003 -10"><span class='ocrx_word' id='word_1_103' title='bbox 345 1329 427 1359; x_wconf 89' lang='lat' dir='ltr'>quos</span> <span class='ocrx_word' id='word_1_104' title='bbox 454 1320 543 1348; x_wconf 88' lang='lat' dir='ltr'>iuter</span> <span class='ocrx_word' id='word_1_105' title='bbox 562 1318 736 1356; x_wconf 80' lang='lat' dir='ltr'>Lucensis,</span> <span class='ocrx_word' id='word_1_106' title='bbox 751 1318 877 1348; x_wconf 81' lang='lat' dir='ltr'>rectius</span> <span class='ocrx_word' id='word_1_107' title='bbox 894 1317 1044 1356; x_wconf 78' lang='lat' dir='ltr'>Solisque.</span> 
     </span>
     <span class='ocr_line' id='line_1_25' title="bbox 346 1366 1044 1405; baseline -0.006 -5"><span class='ocrx_word' id='word_1_108' title='bbox 346 1368 504 1400; x_wconf 83' lang='lat' dir='ltr'>Proximo</span> <span class='ocrx_word' id='word_1_109' title='bbox 522 1377 620 1397; x_wconf 85' lang='lat' dir='ltr'>versu</span> <span class='ocrx_word' id='word_1_110' title='bbox 636 1367 731 1405; x_wconf 80' lang='lat' dir='ltr'>aegris</span> <span class='ocrx_word' id='word_1_111' title='bbox 742 1366 962 1405; x_wconf 79' lang='lat' dir='ltr'>animantibus,</span> <span class='ocrx_word' id='word_1_112' title='bbox 978 1376 1044 1396; x_wconf 88' lang='lat' dir='ltr'>non</span> 
     </span>
     <span class='ocr_line' id='line_1_26' title="bbox 344 1417 1042 1457; baseline -0.001 -8"><span class='ocrx_word' id='word_1_113' title='bbox 344 1418 536 1457; x_wconf 78' lang='lat' dir='ltr'>animalibus,</span> <span class='ocrx_word' id='word_1_114' title='bbox 548 1421 616 1448; x_wconf 85' lang='lat' dir='ltr'>tres</span> <span class='ocrx_word' id='word_1_115' title='bbox 629 1417 766 1448; x_wconf 83' lang='lat' dir='ltr'>codices</span> <span class='ocrx_word' id='word_1_116' title='bbox 781 1427 790 1455; x_wconf 93' lang='lat'>;</span> <span class='ocrx_word' id='word_1_117' title='bbox 807 1417 909 1448; x_wconf 75' lang='lat' dir='ltr'>etiam</span> <span class='ocrx_word' id='word_1_118' title='bbox 924 1417 1042 1457; x_wconf 87' lang='lat' dir='ltr'>probe.</span> 
     </span>
     <span class='ocr_line' id='line_1_27' title="bbox 344 1468 518 1499; baseline -0.011 -1"><span class='ocrx_word' id='word_1_119' title='bbox 344 1468 388 1499; x_wconf 92' lang='lat' dir='ltr'>D.</span> <span class='ocrx_word' id='word_1_120' title='bbox 407 1468 518 1498; x_wconf 74' lang='lat' dir='ltr'>Heius.</span> 
     </span>
    </p>

    <p class='ocr_par' dir='ltr' id='par_1_9' title="bbox 343 1516 1043 1648">
     <span class='ocr_line' id='line_1_28' title="bbox 387 1516 1043 1556; baseline -0.002 -9"><span class='ocrx_word' id='word_1_121' title='bbox 387 1516 557 1556; x_wconf 57' lang='lat' dir='ltr'>Disensus]</span> <span class='ocrx_word' id='word_1_122' title='bbox 580 1517 742 1547; x_wconf 75' lang='lat' dir='ltr'>Servatus</span> <span class='ocrx_word' id='word_1_123' title='bbox 760 1516 802 1547; x_wconf 87' lang='lat' dir='ltr'>ab</span> <span class='ocrx_word' id='word_1_124' title='bbox 819 1525 870 1555; x_wconf 84' lang='lat' dir='ltr'>ea,</span> <span class='ocrx_word' id='word_1_125' title='bbox 885 1521 1043 1555; x_wconf 83' lang='lat' dir='ltr'>assertus,</span> 
     </span>
     <span class='ocr_line' id='line_1_29' title="bbox 343 1566 1042 1607; baseline 0 -9"><span class='ocrx_word' id='word_1_126' title='bbox 343 1576 385 1598; x_wconf 85' lang='lat' dir='ltr'>ne</span> <span class='ocrx_word' id='word_1_127' title='bbox 413 1567 462 1597; x_wconf 89' lang='lat' dir='ltr'>illi</span> <span class='ocrx_word' id='word_1_128' title='bbox 493 1576 529 1597; x_wconf 87' lang='lat' dir='ltr'>se</span> <span class='ocrx_word' id='word_1_129' title='bbox 560 1566 775 1597; x_wconf 83' lang='lat' dir='ltr'>committere</span> <span class='ocrx_word' id='word_1_130' title='bbox 800 1576 883 1607; x_wconf 87' lang='lat' dir='ltr'>opus</span> <span class='ocrx_word' id='word_1_131' title='bbox 917 1566 1042 1598; x_wconf 85' lang='lat' dir='ltr'>habue-</span> 
     </span>
     <span class='ocr_line' id='line_1_30' title="bbox 343 1617 399 1648; baseline 0.018 -1"><span class='ocrx_word' id='word_1_132' title='bbox 343 1617 399 1648; x_wconf 88' lang='lat' dir='ltr'>rit.</span> 
     </span>
    </p>

    <p class='ocr_par' dir='ltr' id='par_1_10' title="bbox 340 1665 1043 1847">
     <span class='ocr_line' id='line_1_31' title="bbox 386 1665 1042 1707; baseline 0 -10"><span class='ocrx_word' id='word_1_133' title='bbox 386 1666 490 1706; x_wconf 82' lang='lat' dir='ltr'><em>Plaga</em></span> <span class='ocrx_word' id='word_1_134' title='bbox 506 1665 628 1706; x_wconf 80' lang='lat' dir='ltr'>iniqua]</span> <span class='ocrx_word' id='word_1_135' title='bbox 668 1665 817 1697; x_wconf 85' lang='lat' dir='ltr'>Humani</span> <span class='ocrx_word' id='word_1_136' title='bbox 834 1665 970 1707; x_wconf 77' lang='lat' dir='ltr'>laboris,</span> <span class='ocrx_word' id='word_1_137' title='bbox 987 1667 1042 1707; x_wconf 87' lang='lat' dir='ltr'>qui</span> 
     </span>
     <span class='ocr_line' id='line_1_32' title="bbox 340 1716 1043 1756; baseline -0.001 -9"><span class='ocrx_word' id='word_1_138' title='bbox 340 1721 445 1747; x_wconf 86' lang='lat' dir='ltr'>noctu</span> <span class='ocrx_word' id='word_1_139' title='bbox 460 1716 584 1756; x_wconf 79' lang='lat' dir='ltr'>diuque</span> <span class='ocrx_word' id='word_1_140' title='bbox 608 1716 782 1746; x_wconf 84' lang='lat' dir='ltr'>universos</span> <span class='ocrx_word' id='word_1_141' title='bbox 808 1716 969 1747; x_wconf 80' lang='lat' dir='ltr'>mortales</span> <span class='ocrx_word' id='word_1_142' title='bbox 987 1726 1043 1747; x_wconf 85' lang='lat' dir='ltr'>ex-</span> 
     </span>
     <span class='ocr_line' id='line_1_33' title="bbox 342 1765 1043 1806; baseline 0 -10"><span class='ocrx_word' id='word_1_143' title='bbox 342 1765 462 1806; x_wconf 85' lang='lat' dir='ltr'>agitat,</span> <span class='ocrx_word' id='word_1_144' title='bbox 474 1765 653 1805; x_wconf 85' lang='lat' dir='ltr'>iniquitate</span> <span class='ocrx_word' id='word_1_145' title='bbox 669 1765 830 1796; x_wconf 83' lang='lat' dir='ltr'>Fortunae</span> <span class='ocrx_word' id='word_1_146' title='bbox 846 1766 960 1796; x_wconf 88' lang='lat' dir='ltr'>omnia</span> <span class='ocrx_word' id='word_1_147' title='bbox 977 1767 1043 1796; x_wconf 89' lang='lat' dir='ltr'>vol-</span> 
     </span>
     <span class='ocr_line' id='line_1_34' title="bbox 342 1816 596 1847; baseline -0.004 0"><span class='ocrx_word' id='word_1_148' title='bbox 342 1821 457 1847; x_wconf 80' lang='lat' dir='ltr'>vente.</span> <span class='ocrx_word' id='word_1_149' title='bbox 480 1816 596 1846; x_wconf 75' lang='lat' dir='ltr'>Barth.</span> 
     </span>
    </p>

    <p class='ocr_par' dir='ltr' id='par_1_11' title="bbox 340 1865 1044 2348">
     <span class='ocr_line' id='line_1_35' title="bbox 384 1865 1043 1906; baseline 0.002 -10"><span class='ocrx_word' id='word_1_150' title='bbox 384 1869 404 1896; x_wconf 82' lang='lat'><strong>9</strong></span> <span class='ocrx_word' id='word_1_151' title='bbox 428 1866 567 1896; x_wconf 66' lang='lat' dir='ltr'>intactas</span> <span class='ocrx_word' id='word_1_152' title='bbox 591 1867 687 1904; x_wconf 72' lang='lat' dir='ltr'>a’gris</span> <span class='ocrx_word' id='word_1_153' title='bbox 709 1865 906 1906; x_wconf 78' lang='lat' dir='ltr'>animalibus]</span> <span class='ocrx_word' id='word_1_154' title='bbox 941 1866 1043 1897; x_wconf 88' lang='lat' dir='ltr'>Venit</span> 
     </span>
     <span class='ocr_line' id='line_1_36' title="bbox 342 1915 1044 1954; baseline 0.001 -9"><span class='ocrx_word' id='word_1_155' title='bbox 342 1920 456 1945; x_wconf 86' lang='lat' dir='ltr'>tamen</span> <span class='ocrx_word' id='word_1_156' title='bbox 470 1915 501 1944; x_wconf 93' lang='lat' dir='ltr'>in</span> <span class='ocrx_word' id='word_1_157' title='bbox 519 1915 698 1945; x_wconf 86' lang='lat' dir='ltr'>humanum</span> <span class='ocrx_word' id='word_1_158' title='bbox 716 1915 890 1954; x_wconf 82' lang='lat' dir='ltr'>mundum,</span> <span class='ocrx_word' id='word_1_159' title='bbox 905 1925 1044 1946; x_wconf 85' lang='lat' dir='ltr'>consen-</span> 
     </span>
     <span class='ocr_line' id='line_1_37' title="bbox 341 1965 1043 2006; baseline 0 -9"><span class='ocrx_word' id='word_1_160' title='bbox 341 1976 379 1997; x_wconf 83' lang='lat' dir='ltr'>su</span> <span class='ocrx_word' id='word_1_161' title='bbox 405 1965 620 2006; x_wconf 84' lang='lat' dir='ltr'>scriptorum,</span> <span class='ocrx_word' id='word_1_162' title='bbox 649 1967 742 1996; x_wconf 86' lang='lat' dir='ltr'>velut</span> <span class='ocrx_word' id='word_1_163' title='bbox 759 1974 834 1995; x_wconf 87' lang='lat' dir='ltr'>cum</span> <span class='ocrx_word' id='word_1_164' title='bbox 850 1966 1043 1997; x_wconf 84' lang='lat' dir='ltr'>Saresburi-</span> 
     </span>
     <span class='ocr_line' id='line_1_38' title="bbox 343 2017 1044 2058; baseline 0.001 -11"><span class='ocrx_word' id='word_1_165' title='bbox 343 2018 430 2048; x_wconf 85' lang='lat' dir='ltr'>ensis</span> <span class='ocrx_word' id='word_1_166' title='bbox 455 2027 555 2057; x_wconf 85' lang='lat' dir='ltr'>supra</span> <span class='ocrx_word' id='word_1_167' title='bbox 586 2018 703 2056; x_wconf 76' lang='lat' dir='ltr'>positis</span> <span class='ocrx_word' id='word_1_168' title='bbox 730 2017 838 2047; x_wconf 74' lang='lat' dir='ltr'>vorbis</span> <span class='ocrx_word' id='word_1_169' title='bbox 859 2018 1044 2058; x_wconf 78' lang='lat' dir='ltr'>‘exscripsit</span> 
     </span>
     <span class='ocr_line' id='line_1_39' title="bbox 341 2066 1042 2106; baseline 0.001 -9"><span class='ocrx_word' id='word_1_170' title='bbox 341 2067 448 2097; x_wconf 78' lang='lat' dir='ltr'>visum</span> <span class='ocrx_word' id='word_1_171' title='bbox 463 2076 537 2097; x_wconf 88' lang='lat' dir='ltr'>cum</span> <span class='ocrx_word' id='word_1_172' title='bbox 550 2067 752 2106; x_wconf 83' lang='lat' dir='ltr'>Byzantium</span> <span class='ocrx_word' id='word_1_173' title='bbox 766 2066 866 2097; x_wconf 84' lang='lat' dir='ltr'>fieret</span> <span class='ocrx_word' id='word_1_174' title='bbox 879 2067 1042 2098; x_wconf 88' lang='lat' dir='ltr'>Constan-</span> 
     </span>
     <span class='ocr_line' id='line_1_40' title="bbox 340 2118 1042 2159; baseline 0.001 -10"><span class='ocrx_word' id='word_1_175' title='bbox 340 2118 513 2158; x_wconf 79' lang='lat' dir='ltr'>tinopolis,</span> <span class='ocrx_word' id='word_1_176' title='bbox 529 2118 628 2158; x_wconf 85' lang='lat' dir='ltr'>idque</span> <span class='ocrx_word' id='word_1_177' title='bbox 643 2118 729 2148; x_wconf 93' lang='lat' dir='ltr'>bono</span> <span class='ocrx_word' id='word_1_178' title='bbox 746 2119 869 2149; x_wconf 87' lang='lat' dir='ltr'>omine.</span> <span class='ocrx_word' id='word_1_179' title='bbox 905 2120 1042 2159; x_wconf 81' lang='lat' dir='ltr'>Contra,</span> 
     </span>
     <span class='ocr_line' id='line_1_41' title="bbox 342 2168 1042 2208; baseline 0.003 -9"><span class='ocrx_word' id='word_1_180' title='bbox 342 2168 466 2199; x_wconf 86' lang='lat' dir='ltr'>malum</span> <span class='ocrx_word' id='word_1_181' title='bbox 492 2168 565 2208; x_wconf 78' lang='lat' dir='ltr'>ejus</span> <span class='ocrx_word' id='word_1_182' title='bbox 584 2173 787 2208; x_wconf 77' lang='lat' dir='ltr'>conspectus</span> <span class='ocrx_word' id='word_1_183' title='bbox 803 2168 880 2208; x_wconf 78' lang='lat' dir='ltr'>fuit,</span> <span class='ocrx_word' id='word_1_184' title='bbox 903 2169 1042 2201; x_wconf 81' lang='lat' dir='ltr'>Tiberio</span> 
     </span>
     <span class='ocr_line' id='line_1_42' title="bbox 342 2218 1041 2259; baseline 0.003 -10"><span class='ocrx_word' id='word_1_185' title='bbox 342 2218 519 2256; x_wconf 85' lang='lat' dir='ltr'>morituro,</span> <span class='ocrx_word' id='word_1_186' title='bbox 537 2222 573 2247; x_wconf 88' lang='lat' dir='ltr'>ut</span> <span class='ocrx_word' id='word_1_187' title='bbox 591 2227 666 2248; x_wconf 72' lang='lat' dir='ltr'>cum</span> <span class='ocrx_word' id='word_1_188' title='bbox 684 2218 774 2249; x_wconf 86' lang='lat' dir='ltr'>inter</span> <span class='ocrx_word' id='word_1_189' title='bbox 790 2219 856 2250; x_wconf 86' lang='lat' dir='ltr'>alia</span> <span class='ocrx_word' id='word_1_190' title='bbox 882 2224 1041 2259; x_wconf 85' lang='lat' dir='ltr'>portenta</span> 
     </span>
     <span class='ocr_line' id='line_1_43' title="bbox 343 2267 1040 2302; baseline 0.007 -5"><span class='ocrx_word' id='word_1_191' title='bbox 343 2267 594 2298; x_wconf 75' lang='lat' dir='ltr'>connumerant</span> <span class='ocrx_word' id='word_1_192' title='bbox 610 2267 676 2298; x_wconf 87' lang='lat' dir='ltr'>Dio</span> <span class='ocrx_word' id='word_1_193' title='bbox 691 2269 824 2299; x_wconf 83' lang='lat' dir='ltr'>Cassius</span> <span class='ocrx_word' id='word_1_194' title='bbox 836 2269 922 2301; x_wconf 88' lang='lat' dir='ltr'>libro</span> <span class='ocrx_word' id='word_1_195' title='bbox 939 2278 1040 2302; x_wconf 74' lang='lat' dir='ltr'>Lvm.</span> 
     </span>
     <span class='ocr_line' id='line_1_44' title="bbox 343 2316 441 2348; baseline 0 0"><span class='ocrx_word' id='word_1_196' title='bbox 343 2316 441 2348; x_wconf 80' lang='lat' dir='ltr'>Idem.</span> 
     </span>
    </p>

    <p class='ocr_par' dir='ltr' id='par_1_12' title="bbox 342 2367 1043 2548">
     <span class='ocr_line' id='line_1_45' title="bbox 387 2367 1041 2409; baseline 0.005 -11"><span class='ocrx_word' id='word_1_197' title='bbox 387 2367 424 2398; x_wconf 85' lang='lat'>11</span> <span class='ocrx_word' id='word_1_198' title='bbox 450 2368 517 2399; x_wconf 81' lang='lat' dir='ltr'>Par·</span> <span class='ocrx_word' id='word_1_199' title='bbox 557 2368 700 2409; x_wconf 80' lang='lat' dir='ltr'>Superis]</span> <span class='ocrx_word' id='word_1_200' title='bbox 737 2369 837 2401; x_wconf 87' lang='lat' dir='ltr'>Ultra</span> <span class='ocrx_word' id='word_1_201' title='bbox 872 2371 1041 2402; x_wconf 88' lang='lat' dir='ltr'>hominum</span> 
     </span>
     <span class='ocr_line' id='line_1_46' title="bbox 343 2418 1040 2458; baseline 0.004 -11"><span class='ocrx_word' id='word_1_202' title='bbox 343 2426 459 2457; x_wconf 76' lang='lat' dir='ltr'>genus,</span> <span class='ocrx_word' id='word_1_203' title='bbox 497 2418 587 2458; x_wconf 77' lang='lat' dir='ltr'>qumi</span> <span class='ocrx_word' id='word_1_204' title='bbox 625 2428 700 2448; x_wconf 89' lang='lat' dir='ltr'>cum</span> <span class='ocrx_word' id='word_1_205' title='bbox 739 2420 886 2450; x_wconf 79' lang='lat' dir='ltr'>maxime</span> <span class='ocrx_word' id='word_1_206' title='bbox 913 2420 1040 2458; x_wconf 85' lang='lat' dir='ltr'>laudat,</span> 
     </span>
     <span class='ocr_line' id='line_1_47' title="bbox 343 2466 1043 2508; baseline 0.007 -12"><span class='ocrx_word' id='word_1_207' title='bbox 343 2466 417 2497; x_wconf 87' lang='lat' dir='ltr'>Diis</span> <span class='ocrx_word' id='word_1_208' title='bbox 440 2467 628 2508; x_wconf 59' lang='lat' dir='ltr'>proximum</span> <span class='ocrx_word' id='word_1_209' title='bbox 651 2469 863 2500; x_wconf 86' lang='lat' dir='ltr'>commendat</span> <span class='ocrx_word' id='word_1_210' title='bbox 887 2469 1043 2501; x_wconf 85' lang='lat' dir='ltr'>doctissi-</span> 
     </span>
     <span class='ocr_line' id='line_1_48' title="bbox 342 2522 544 2548; baseline 0.005 -1"><span class='ocrx_word' id='word_1_211' title='bbox 342 2526 416 2547; x_wconf 88' lang='lat' dir='ltr'>mus</span> <span class='ocrx_word' id='word_1_212' title='bbox 437 2522 544 2548; x_wconf 87' lang='lat' dir='ltr'>vates.</span> 
     </span>
    </p>

    <p class='ocr_par' dir='ltr' id='par_1_13' title="bbox 341 2565 1042 2701">
     <span class='ocr_line' id='line_1_49' title="bbox 385 2565 1042 2610; baseline 0.005 -13"><span class='ocrx_word' id='word_1_213' title='bbox 385 2565 514 2607; x_wconf 60' lang='lat' dir='ltr'>Stellae]</span> <span class='ocrx_word' id='word_1_214' title='bbox 538 2567 664 2599; x_wconf 88' lang='lat' dir='ltr'>Omnia</span> <span class='ocrx_word' id='word_1_215' title='bbox 689 2577 835 2610; x_wconf 88' lang='lat' dir='ltr'>corpora</span> <span class='ocrx_word' id='word_1_216' title='bbox 860 2569 950 2600; x_wconf 76' lang='lat' dir='ltr'>ultra</span> <span class='ocrx_word' id='word_1_217' title='bbox 977 2569 1042 2600; x_wconf 85' lang='lat' dir='ltr'>Lu-</span> 
     </span>
     <span class='ocr_line' id='line_1_50' title="bbox 343 2617 1042 2652; baseline 0.006 -5"><span class='ocrx_word' id='word_1_218' title='bbox 343 2626 419 2647; x_wconf 85' lang='lat' dir='ltr'>nam</span> <span class='ocrx_word' id='word_1_219' title='bbox 433 2617 517 2649; x_wconf 79' lang='lat' dir='ltr'>dicit</span> <span class='ocrx_word' id='word_1_220' title='bbox 537 2618 754 2651; x_wconf 84' lang='lat' dir='ltr'>immortalia:</span> <span class='ocrx_word' id='word_1_221' title='bbox 787 2627 876 2650; x_wconf 86' lang='lat' dir='ltr'>mors</span> <span class='ocrx_word' id='word_1_222' title='bbox 891 2618 981 2652; x_wconf 88' lang='lat' dir='ltr'>enim</span> <span class='ocrx_word' id='word_1_223' title='bbox 993 2618 1042 2651; x_wconf 85' lang='lat' dir='ltr'>in-</span> 
     </span>
     <span class='ocr_line' id='line_1_51' title="bbox 341 2665 688 2701; baseline 0.012 -5"><span class='ocrx_word' id='word_1_224' title='bbox 341 2665 395 2697; x_wconf 82' lang='lat' dir='ltr'>t&#39;ra</span> <span class='ocrx_word' id='word_1_225' title='bbox 408 2667 548 2699; x_wconf 83' lang='lat' dir='ltr'>Lunam.</span> <span class='ocrx_word' id='word_1_226' title='bbox 571 2668 688 2701; x_wconf 72' lang='lat' dir='ltr'>Barth.</span> 
     </span>
    </p>
   </div>
   <div class='ocr_carea' id='block_1_3' title="bbox 563 123 1576 156">
    <p class='ocr_par' dir='ltr' id='par_1_14' title="bbox 563 123 1576 156">
     <span class='ocr_line' id='line_1_52' title="bbox 563 123 1576 156; baseline -0.004 0"><span class='ocrx_word' id='word_1_227' title='bbox 563 125 705 156; x_wconf 77' lang='lat' dir='ltr'><strong>NOTAE</strong></span> <span class='ocrx_word' id='word_1_228' title='bbox 737 123 1001 153; x_wconf 70' lang='lat' dir='ltr'>VARIORUM</span> <span class='ocrx_word' id='word_1_229' title='bbox 1035 123 1085 154; x_wconf 89' lang='lat' dir='ltr'>IN</span> <span class='ocrx_word' id='word_1_230' title='bbox 1121 124 1193 154; x_wconf 93' lang='lat' dir='ltr'>CL.</span> <span class='ocrx_word' id='word_1_231' title='bbox 1221 124 1403 155; x_wconf 81' lang='lat' dir='ltr'>CLAUD.</span> <span class='ocrx_word' id='word_1_232' title='bbox 1437 125 1576 155; x_wconf 81' lang='lat' dir='ltr'>XLIV.</span> 
     </span>
    </p>
   </div>
   <div class='ocr_carea' id='block_1_4' title="bbox 1091 217 1799 2711">
    <p class='ocr_par' dir='ltr' id='par_1_15' title="bbox 1093 217 1790 349">
     <span class='ocr_line' id='line_1_53' title="bbox 1138 217 1790 257; baseline 0 -9"><span class='ocrx_word' id='word_1_233' title='bbox 1138 220 1176 248; x_wconf 78' lang='lat'>12</span> <span class='ocrx_word' id='word_1_234' title='bbox 1204 217 1369 256; x_wconf 79' lang='lat' dir='ltr'>Durando]</span> <span class='ocrx_word' id='word_1_235' title='bbox 1405 217 1553 248; x_wconf 80' lang='lat' dir='ltr'>Verbum</span> <span class='ocrx_word' id='word_1_236' title='bbox 1584 217 1673 257; x_wconf 84' lang='lat' dir='ltr'>quod</span> <span class='ocrx_word' id='word_1_237' title='bbox 1705 226 1790 248; x_wconf 83' lang='lat' dir='ltr'>sum-</span> 
     </span>
     <span class='ocr_line' id='line_1_54' title="bbox 1093 267 1790 298; baseline 0.001 -1"><span class='ocrx_word' id='word_1_238' title='bbox 1093 277 1182 298; x_wconf 90' lang='lat' dir='ltr'>mum</span> <span class='ocrx_word' id='word_1_239' title='bbox 1200 269 1299 298; x_wconf 88' lang='lat' dir='ltr'>robur</span> <span class='ocrx_word' id='word_1_240' title='bbox 1323 273 1357 298; x_wconf 76' lang='lat' dir='ltr'>ot</span> <span class='ocrx_word' id='word_1_241' title='bbox 1371 268 1465 298; x_wconf 77' lang='lat' dir='ltr'>velut</span> <span class='ocrx_word' id='word_1_242' title='bbox 1484 267 1790 298; x_wconf 65' lang='lat' dir='ltr'>extraordinarium</span> 
     </span>
     <span class='ocr_line' id='line_1_55' title="bbox 1095 322 1200 349; baseline 0.019 -2"><span class='ocrx_word' id='word_1_243' title='bbox 1095 322 1200 349; x_wconf 81' lang='lat' dir='ltr'>notat.</span> 
     </span>
    </p>

    <p class='ocr_par' dir='ltr' id='par_1_16' title="bbox 1093 367 1795 506">
     <span class='ocr_line' id='line_1_56' title="bbox 1139 367 1792 407; baseline -0.002 -10"><span class='ocrx_word' id='word_1_244' title='bbox 1139 368 1225 398; x_wconf 72' lang='lat' dir='ltr'>&#39;Perit</span> <span class='ocrx_word' id='word_1_245' title='bbox 1239 368 1351 407; x_wconf 79' lang='lat' dir='ltr'>‹ei-nm]</span> <span class='ocrx_word' id='word_1_246' title='bbox 1376 367 1473 400; x_wconf 82' lang='lat' dir='ltr'>Quod</span> <span class='ocrx_word' id='word_1_247' title='bbox 1489 367 1602 397; x_wconf 84' lang='lat' dir='ltr'>omnia</span> <span class='ocrx_word' id='word_1_248' title='bbox 1618 367 1726 406; x_wconf 83' lang='lat' dir='ltr'>ipsum</span> <span class='ocrx_word' id='word_1_249' title='bbox 1740 375 1792 396; x_wconf 87' lang='lat' dir='ltr'>so-</span> 
     </span>
     <span class='ocr_line' id='line_1_57' title="bbox 1093 417 1795 448; baseline -0.001 0"><span class='ocrx_word' id='word_1_250' title='bbox 1093 417 1153 448; x_wconf 83' lang='lat' dir='ltr'>let.</span> <span class='ocrx_word' id='word_1_251' title='bbox 1197 419 1386 448; x_wconf 53' lang='lat' dir='ltr'>Trans-latio</span> <span class='ocrx_word' id='word_1_252' title='bbox 1404 428 1422 448; x_wconf 83' lang='lat' dir='ltr'>a</span> <span class='ocrx_word' id='word_1_253' title='bbox 1439 428 1517 448; x_wconf 59' lang='lat' dir='ltr'>saxo</span> <span class='ocrx_word' id='word_1_254' title='bbox 1536 422 1594 447; x_wconf 87' lang='lat' dir='ltr'>aut</span> <span class='ocrx_word' id='word_1_255' title='bbox 1610 417 1675 447; x_wconf 82' lang='lat' dir='ltr'>alia</span> <span class='ocrx_word' id='word_1_256' title='bbox 1693 425 1729 447; x_wconf 87' lang='lat' dir='ltr'>re</span> <span class='ocrx_word' id='word_1_257' title='bbox 1745 422 1795 447; x_wconf 84' lang='lat' dir='ltr'>at-</span> 
     </span>
     <span class='ocr_line' id='line_1_58' title="bbox 1095 467 1483 506; baseline -0.003 -8"><span class='ocrx_word' id='word_1_258' title='bbox 1095 467 1178 498; x_wconf 83' lang='lat' dir='ltr'>trita</span> <span class='ocrx_word' id='word_1_259' title='bbox 1194 473 1346 506; x_wconf 81' lang='lat' dir='ltr'>tempore</span> <span class='ocrx_word' id='word_1_260' title='bbox 1365 473 1399 498; x_wconf 92' lang='lat' dir='ltr'>et</span> <span class='ocrx_word' id='word_1_261' title='bbox 1411 477 1483 497; x_wconf 76' lang='lat' dir='ltr'>usu.</span> 
     </span>
    </p>

    <p class='ocr_par' dir='ltr' id='par_1_17' title="bbox 1095 515 1796 604">
     <span class='ocr_line' id='line_1_59' title="bbox 1138 515 1796 555; baseline 0 -9"><span class='ocrx_word' id='word_1_262' title='bbox 1138 517 1362 555; x_wconf 76' lang='lat' dir='ltr'>Redeuntibus]</span> <span class='ocrx_word' id='word_1_263' title='bbox 1409 517 1437 546; x_wconf 85' lang='lat' dir='ltr'>E</span> <span class='ocrx_word' id='word_1_264' title='bbox 1471 522 1580 547; x_wconf 85' lang='lat' dir='ltr'>morte</span> <span class='ocrx_word' id='word_1_265' title='bbox 1616 516 1650 546; x_wconf 89' lang='lat' dir='ltr'>in</span> <span class='ocrx_word' id='word_1_266' title='bbox 1680 515 1796 546; x_wconf 89' lang='lat' dir='ltr'>vitam.</span> 
     </span>
     <span class='ocr_line' id='line_1_60' title="bbox 1095 567 1210 604; baseline 0 -7"><span class='ocrx_word' id='word_1_267' title='bbox 1095 567 1210 604; x_wconf 71' lang='lat' dir='ltr'>Barth.</span> 
     </span>
    </p>

    <p class='ocr_par' dir='ltr' id='par_1_18' title="bbox 1096 618 1796 749">
     <span class='ocr_line' id='line_1_61' title="bbox 1140 618 1793 658; baseline 0 -9"><span class='ocrx_word' id='word_1_268' title='bbox 1140 622 1178 649; x_wconf 84' lang='lat'>13</span> <span class='ocrx_word' id='word_1_269' title='bbox 1206 620 1275 649; x_wconf 73' lang='lat' dir='ltr'>Non</span> <span class='ocrx_word' id='word_1_270' title='bbox 1291 621 1387 658; x_wconf 76' lang='lat' dir='ltr'>epulis</span> <span class='ocrx_word' id='word_1_271' title='bbox 1401 623 1542 649; x_wconf 78' lang='lat' dir='ltr'>saturare</span> <span class='ocrx_word' id='word_1_272' title='bbox 1550 619 1684 658; x_wconf 79' lang='lat' dir='ltr'>samem]</span> <span class='ocrx_word' id='word_1_273' title='bbox 1724 618 1793 649; x_wconf 82' lang='lat' dir='ltr'>Ne-</span> 
     </span>
     <span class='ocr_line' id='line_1_62' title="bbox 1097 667 1796 699; baseline -0.001 -1"><span class='ocrx_word' id='word_1_274' title='bbox 1097 679 1150 698; x_wconf 91' lang='lat' dir='ltr'>mo</span> <span class='ocrx_word' id='word_1_275' title='bbox 1183 669 1340 699; x_wconf 85' lang='lat' dir='ltr'>edentem</span> <span class='ocrx_word' id='word_1_276' title='bbox 1370 669 1453 699; x_wconf 70' lang='lat' dir='ltr'>vidit</span> <span class='ocrx_word' id='word_1_277' title='bbox 1479 670 1685 699; x_wconf 77' lang='lat' dir='ltr'>Pboeniccm.</span> <span class='ocrx_word' id='word_1_278' title='bbox 1724 667 1796 698; x_wconf 90' lang='lat' dir='ltr'>I&#39;li-</span> 
     </span>
     <span class='ocr_line' id='line_1_63' title="bbox 1096 719 1387 749; baseline 0 -1"><span class='ocrx_word' id='word_1_279' title='bbox 1096 719 1170 749; x_wconf 85' lang='lat' dir='ltr'>nius</span> <span class='ocrx_word' id='word_1_280' title='bbox 1187 727 1221 748; x_wconf 84' lang='lat' dir='ltr'>x.</span> <span class='ocrx_word' id='word_1_281' title='bbox 1235 722 1265 749; x_wconf 84' lang='lat'>2.</span> <span class='ocrx_word' id='word_1_282' title='bbox 1291 719 1387 748; x_wconf 74' lang='lat' dir='ltr'>Idem.</span> 
     </span>
    </p>

    <p class='ocr_par' dir='ltr' id='par_1_19' title="bbox 1097 766 1796 999">
     <span class='ocr_line' id='line_1_64' title="bbox 1141 766 1795 806; baseline -0.002 -7"><span class='ocrx_word' id='word_1_283' title='bbox 1141 772 1179 799; x_wconf 73' lang='lat'>14</span> <span class='ocrx_word' id='word_1_284' title='bbox 1206 769 1321 798; x_wconf 75' lang='lat' dir='ltr'>Parim·</span> <span class='ocrx_word' id='word_1_285' title='bbox 1352 768 1433 798; x_wconf 77' lang='lat' dir='ltr'>Salis</span> <span class='ocrx_word' id='word_1_286' title='bbox 1452 767 1577 806; x_wconf 66' lang='lat' dir='ltr'>firi-or]</span> <span class='ocrx_word' id='word_1_287' title='bbox 1629 767 1707 797; x_wconf 78' lang='lat' dir='ltr'>Non</span> <span class='ocrx_word' id='word_1_288' title='bbox 1739 766 1795 798; x_wconf 84' lang='lat' dir='ltr'>ille</span> 
     </span>
     <span class='ocr_line' id='line_1_65' title="bbox 1097 817 1796 859; baseline -0.001 -11"><span class='ocrx_word' id='word_1_289' title='bbox 1097 819 1152 859; x_wconf 90' lang='lat' dir='ltr'>qui</span> <span class='ocrx_word' id='word_1_290' title='bbox 1166 819 1309 848; x_wconf 82' lang='lat' dir='ltr'>hnmano</span> <span class='ocrx_word' id='word_1_291' title='bbox 1321 818 1392 848; x_wconf 92' lang='lat' dir='ltr'>orbi</span> <span class='ocrx_word' id='word_1_292' title='bbox 1412 817 1620 848; x_wconf 75' lang='lat' dir='ltr'>necessarius</span> <span class='ocrx_word' id='word_1_293' title='bbox 1637 829 1644 855; x_wconf 89' lang='lat'>;</span> <span class='ocrx_word' id='word_1_294' title='bbox 1661 818 1694 847; x_wconf 91' lang='lat' dir='ltr'>in</span> <span class='ocrx_word' id='word_1_295' title='bbox 1712 827 1796 847; x_wconf 89' lang='lat' dir='ltr'>mor-</span> 
     </span>
     <span class='ocr_line' id='line_1_66' title="bbox 1098 867 1796 908; baseline 0 -9"><span class='ocrx_word' id='word_1_296' title='bbox 1098 869 1141 899; x_wconf 75' lang='lat' dir='ltr'>tis</span> <span class='ocrx_word' id='word_1_297' title='bbox 1167 869 1255 899; x_wconf 86' lang='lat' dir='ltr'>enim</span> <span class='ocrx_word' id='word_1_298' title='bbox 1282 878 1422 907; x_wconf 81' lang='lat' dir='ltr'>regnum</span> <span class='ocrx_word' id='word_1_299' title='bbox 1452 873 1521 898; x_wconf 80' lang='lat' dir='ltr'>tuin</span> <span class='ocrx_word' id='word_1_300' title='bbox 1541 868 1684 908; x_wconf 86' lang='lat' dir='ltr'>primum</span> <span class='ocrx_word' id='word_1_301' title='bbox 1704 867 1796 899; x_wconf 80' lang='lat' dir='ltr'>venit</span> 
     </span>
     <span class='ocr_line' id='line_1_67' title="bbox 1099 917 1796 957; baseline -0.003 -8"><span class='ocrx_word' id='word_1_302' title='bbox 1099 919 1254 956; x_wconf 77' lang='lat' dir='ltr'>Plitenix‚</span> <span class='ocrx_word' id='word_1_303' title='bbox 1271 929 1347 949; x_wconf 90' lang='lat' dir='ltr'>cum</span> <span class='ocrx_word' id='word_1_304' title='bbox 1374 922 1585 948; x_wconf 84' lang='lat' dir='ltr'>senectutem</span> <span class='ocrx_word' id='word_1_305' title='bbox 1616 917 1796 957; x_wconf 78' lang='lat' dir='ltr'>posituruS.</span> 
     </span>
     <span class='ocr_line' id='line_1_68' title="bbox 1099 970 1196 999; baseline -0.01 0"><span class='ocrx_word' id='word_1_306' title='bbox 1099 970 1196 999; x_wconf 81' lang='lat' dir='ltr'>Idem.</span> 
     </span>
    </p>

    <p class='ocr_par' dir='ltr' id='par_1_20' title="bbox 1096 1016 1797 1203">
     <span class='ocr_line' id='line_1_69' title="bbox 1143 1016 1796 1056; baseline -0.005 -8"><span class='ocrx_word' id='word_1_307' title='bbox 1143 1022 1178 1048; x_wconf 86' lang='lat'>15</span> <span class='ocrx_word' id='word_1_308' title='bbox 1205 1018 1324 1048; x_wconf 78' lang='lat' dir='ltr'>Pabula</span> <span class='ocrx_word' id='word_1_309' title='bbox 1341 1017 1433 1056; x_wconf 73' lang='lat' dir='ltr'>libat]</span> <span class='ocrx_word' id='word_1_310' title='bbox 1467 1018 1560 1047; x_wconf 74' lang='lat' dir='ltr'>Potae</span> <span class='ocrx_word' id='word_1_311' title='bbox 1589 1016 1707 1053; x_wconf 60' lang='lat' dir='ltr'>Alam,</span> <span class='ocrx_word' id='word_1_312' title='bbox 1732 1017 1796 1046; x_wconf 91' lang='lat' dir='ltr'>Lu-</span> 
     </span>
     <span class='ocr_line' id='line_1_70' title="bbox 1097 1067 1796 1108; baseline -0.006 -9"><span class='ocrx_word' id='word_1_313' title='bbox 1097 1078 1190 1099; x_wconf 72' lang='lat' dir='ltr'>cens.</span> <span class='ocrx_word' id='word_1_314' title='bbox 1215 1073 1249 1098; x_wconf 83' lang='lat' dir='ltr'>et</span> <span class='ocrx_word' id='word_1_315' title='bbox 1276 1068 1407 1108; x_wconf 87' lang='lat' dir='ltr'>plurimi</span> <span class='ocrx_word' id='word_1_316' title='bbox 1433 1067 1499 1097; x_wconf 91' lang='lat' dir='ltr'>alii.</span> <span class='ocrx_word' id='word_1_317' title='bbox 1515 1067 1595 1096; x_wconf 85' lang='lat' dir='ltr'>nibil</span> <span class='ocrx_word' id='word_1_318' title='bbox 1612 1072 1715 1096; x_wconf 71' lang='lat' dir='ltr'>[nuto.</span> <span class='ocrx_word' id='word_1_319' title='bbox 1730 1067 1796 1106; x_wconf 83' lang='lat' dir='ltr'>pri-</span> 
     </span>
     <span class='ocr_line' id='line_1_71' title="bbox 1097 1115 1797 1155; baseline -0.001 -9"><span class='ocrx_word' id='word_1_320' title='bbox 1097 1127 1167 1146; x_wconf 78' lang='lat' dir='ltr'>mus</span> <span class='ocrx_word' id='word_1_321' title='bbox 1183 1117 1370 1147; x_wconf 73' lang='lat' dir='ltr'>Vaticanus</span> <span class='ocrx_word' id='word_1_322' title='bbox 1388 1125 1448 1155; x_wconf 86' lang='lat' dir='ltr'>pro</span> <span class='ocrx_word' id='word_1_323' title='bbox 1468 1116 1603 1154; x_wconf 78' lang='lat' dir='ltr'>vulgata</span> <span class='ocrx_word' id='word_1_324' title='bbox 1628 1115 1797 1154; x_wconf 70' lang='lat' dir='ltr'>scriptura.</span> 
     </span>
     <span class='ocr_line' id='line_1_72' title="bbox 1096 1164 1642 1203; baseline -0.005 -6"><span class='ocrx_word' id='word_1_325' title='bbox 1096 1172 1176 1203; x_wconf 76' lang='lat' dir='ltr'>stat,</span> <span class='ocrx_word' id='word_1_326' title='bbox 1189 1170 1223 1196; x_wconf 84' lang='lat' dir='ltr'>et</span> <span class='ocrx_word' id='word_1_327' title='bbox 1241 1166 1446 1195; x_wconf 74' lang='lat' dir='ltr'>Oiselianus.</span> <span class='ocrx_word' id='word_1_328' title='bbox 1471 1165 1515 1194; x_wconf 90' lang='lat' dir='ltr'>D.</span> <span class='ocrx_word' id='word_1_329' title='bbox 1530 1164 1642 1194; x_wconf 76' lang='lat' dir='ltr'>Heius.</span> 
     </span>
    </p>

    <p class='ocr_par' dir='ltr' id='par_1_21' title="bbox 1094 1213 1797 1403">
     <span class='ocr_line' id='line_1_73' title="bbox 1141 1213 1796 1252; baseline 0 -8"><span class='ocrx_word' id='word_1_330' title='bbox 1141 1218 1178 1245; x_wconf 88' lang='grc'>17</span> <span class='ocrx_word' id='word_1_331' title='bbox 1202 1214 1357 1244; x_wconf 67' lang='lat' dir='ltr'>Arcanum</span> <span class='ocrx_word' id='word_1_332' title='bbox 1370 1214 1493 1243; x_wconf 80' lang='lat' dir='ltr'>radiant</span> <span class='ocrx_word' id='word_1_333' title='bbox 1511 1213 1706 1252; x_wconf 75' lang='lat' dir='ltr'>oculijubar]</span> <span class='ocrx_word' id='word_1_334' title='bbox 1732 1214 1796 1244; x_wconf 86' lang='lat' dir='ltr'>Ra-</span> 
     </span>
     <span class='ocr_line' id='line_1_74' title="bbox 1097 1263 1796 1294; baseline -0.003 0"><span class='ocrx_word' id='word_1_335' title='bbox 1097 1265 1168 1294; x_wconf 79' lang='lat' dir='ltr'>dios</span> <span class='ocrx_word' id='word_1_336' title='bbox 1194 1265 1353 1293; x_wconf 76' lang='lat' dir='ltr'>emittere</span> <span class='ocrx_word' id='word_1_337' title='bbox 1378 1268 1484 1293; x_wconf 83' lang='lat' dir='ltr'>totum</span> <span class='ocrx_word' id='word_1_338' title='bbox 1506 1263 1698 1293; x_wconf 77' lang='lat' dir='ltr'>Plioenicem</span> <span class='ocrx_word' id='word_1_339' title='bbox 1717 1264 1796 1294; x_wconf 87' lang='lat' dir='ltr'>scri-</span> 
     </span>
     <span class='ocr_line' id='line_1_75' title="bbox 1097 1313 1797 1344; baseline 0 0"><span class='ocrx_word' id='word_1_340' title='bbox 1097 1314 1148 1344; x_wconf 87' lang='lat' dir='ltr'>bit</span> <span class='ocrx_word' id='word_1_341' title='bbox 1176 1314 1414 1344; x_wconf 77' lang='lat' dir='ltr'>Philostratus.</span> <span class='ocrx_word' id='word_1_342' title='bbox 1462 1313 1589 1344; x_wconf 59' lang='lat' dir='ltr'>Noster</span> <span class='ocrx_word' id='word_1_343' title='bbox 1607 1314 1721 1344; x_wconf 84' lang='lat' dir='ltr'>oculos</span> <span class='ocrx_word' id='word_1_344' title='bbox 1747 1323 1797 1344; x_wconf 89' lang='lat' dir='ltr'>so·</span> 
     </span>
     <span class='ocr_line' id='line_1_76' title="bbox 1094 1364 1796 1403; baseline 0.003 -9"><span class='ocrx_word' id='word_1_345' title='bbox 1094 1364 1117 1394; x_wconf 91' lang='lat' dir='ltr'>li</span> <span class='ocrx_word' id='word_1_346' title='bbox 1133 1373 1191 1394; x_wconf 89' lang='lat' dir='ltr'>suo</span> <span class='ocrx_word' id='word_1_347' title='bbox 1205 1364 1343 1394; x_wconf 77' lang='lat' dir='ltr'>aemulos</span> <span class='ocrx_word' id='word_1_348' title='bbox 1356 1364 1487 1395; x_wconf 79' lang='lat' dir='ltr'>cautius</span> <span class='ocrx_word' id='word_1_349' title='bbox 1501 1364 1668 1403; x_wconf 81' lang='lat' dir='ltr'>proponit.</span> <span class='ocrx_word' id='word_1_350' title='bbox 1680 1364 1796 1396; x_wconf 79' lang='lat' dir='ltr'>Barth.</span> 
     </span>
    </p>

    <p class='ocr_par' dir='ltr' id='par_1_22' title="bbox 1095 1413 1799 1744">
     <span class='ocr_line' id='line_1_77' title="bbox 1140 1413 1795 1452; baseline 0.002 -9"><span class='ocrx_word' id='word_1_351' title='bbox 1140 1414 1252 1452; x_wconf 80' lang='lat' dir='ltr'>Igneus</span> <span class='ocrx_word' id='word_1_352' title='bbox 1281 1423 1335 1443; x_wconf 83' lang='lat' dir='ltr'>ora</span> <span class='ocrx_word' id='word_1_353' title='bbox 1368 1413 1477 1452; x_wconf 66' lang='lat' dir='ltr'>cingite</span> <span class='ocrx_word' id='word_1_354' title='bbox 1507 1413 1614 1452; x_wconf 82' lang='lat' dir='ltr'>honos]</span> <span class='ocrx_word' id='word_1_355' title='bbox 1664 1413 1795 1445; x_wconf 83' lang='lat' dir='ltr'>Plinius</span> 
     </span>
     <span class='ocr_line' id='line_1_78' title="bbox 1095 1463 1796 1503; baseline 0.001 -10"><span class='ocrx_word' id='word_1_356' title='bbox 1095 1471 1130 1493; x_wconf 85' lang='lat' dir='ltr'>x.</span> <span class='ocrx_word' id='word_1_357' title='bbox 1145 1466 1175 1493; x_wconf 81' lang='lat'>2.</span> <span class='ocrx_word' id='word_1_358' title='bbox 1199 1464 1207 1479; x_wconf 91' lang='lat'>‘</span> <span class='ocrx_word' id='word_1_359' title='bbox 1223 1463 1356 1503; x_wconf 76' lang='lat' dir='ltr'>Aquilae</span> <span class='ocrx_word' id='word_1_360' title='bbox 1375 1468 1532 1493; x_wconf 80' lang='lat' dir='ltr'>narratur</span> <span class='ocrx_word' id='word_1_361' title='bbox 1549 1463 1796 1503; x_wconf 82' lang='lat' dir='ltr'>magnitudine,</span> 
     </span>
     <span class='ocr_line' id='line_1_79' title="bbox 1095 1512 1799 1554; baseline 0.003 -12"><span class='ocrx_word' id='word_1_362' title='bbox 1095 1513 1166 1543; x_wconf 87' lang='lat' dir='ltr'>auri</span> <span class='ocrx_word' id='word_1_363' title='bbox 1193 1512 1325 1553; x_wconf 83' lang='lat' dir='ltr'>fulgore</span> <span class='ocrx_word' id='word_1_364' title='bbox 1350 1513 1441 1543; x_wconf 88' lang='lat' dir='ltr'>circa</span> <span class='ocrx_word' id='word_1_365' title='bbox 1456 1514 1553 1552; x_wconf 83' lang='lat' dir='ltr'>colla,</span> <span class='ocrx_word' id='word_1_366' title='bbox 1582 1519 1708 1544; x_wconf 85' lang='lat' dir='ltr'>caetera</span> <span class='ocrx_word' id='word_1_367' title='bbox 1724 1524 1799 1554; x_wconf 91' lang='lat' dir='ltr'>pur-</span> 
     </span>
     <span class='ocr_line' id='line_1_80' title="bbox 1096 1560 1799 1603; baseline 0.003 -11"><span class='ocrx_word' id='word_1_368' title='bbox 1096 1572 1231 1603; x_wconf 83' lang='lat' dir='ltr'>pureus,</span> <span class='ocrx_word' id='word_1_369' title='bbox 1247 1563 1426 1593; x_wconf 64' lang='lat' dir='ltr'>caeruleam</span> <span class='ocrx_word' id='word_1_370' title='bbox 1442 1563 1544 1593; x_wconf 79' lang='lat' dir='ltr'>roseis</span> <span class='ocrx_word' id='word_1_371' title='bbox 1561 1560 1704 1593; x_wconf 86' lang='lat' dir='ltr'>caudam</span> <span class='ocrx_word' id='word_1_372' title='bbox 1718 1573 1799 1603; x_wconf 88' lang='lat' dir='ltr'>peu-</span> 
     </span>
     <span class='ocr_line' id='line_1_81' title="bbox 1095 1611 1798 1651; baseline 0.003 -9"><span class='ocrx_word' id='word_1_373' title='bbox 1095 1613 1146 1643; x_wconf 91' lang='lat' dir='ltr'>nis</span> <span class='ocrx_word' id='word_1_374' title='bbox 1164 1611 1465 1651; x_wconf 80' lang='lat' dir='ltr'>distinguentibus,</span> <span class='ocrx_word' id='word_1_375' title='bbox 1481 1612 1593 1643; x_wconf 86' lang='lat' dir='ltr'>cristis</span> <span class='ocrx_word' id='word_1_376' title='bbox 1606 1611 1728 1643; x_wconf 87' lang='lat' dir='ltr'>faciem</span> <span class='ocrx_word' id='word_1_377' title='bbox 1744 1622 1798 1644; x_wconf 89' lang='lat' dir='ltr'>ca-</span> 
     </span>
     <span class='ocr_line' id='line_1_82' title="bbox 1095 1661 1797 1703; baseline 0.004 -12"><span class='ocrx_word' id='word_1_378' title='bbox 1095 1666 1224 1703; x_wconf 85' lang='lat' dir='ltr'>putque</span> <span class='ocrx_word' id='word_1_379' title='bbox 1249 1662 1384 1702; x_wconf 80' lang='lat' dir='ltr'>plumeo</span> <span class='ocrx_word' id='word_1_380' title='bbox 1407 1661 1505 1702; x_wconf 82' lang='lat' dir='ltr'>apice</span> <span class='ocrx_word' id='word_1_381' title='bbox 1528 1661 1797 1694; x_wconf 82' lang='lat' dir='ltr'>cohonestantc.’</span> 
     </span>
     <span class='ocr_line' id='line_1_83' title="bbox 1095 1713 1192 1744; baseline 0 0"><span class='ocrx_word' id='word_1_382' title='bbox 1095 1713 1192 1744; x_wconf 76' lang='lat' dir='ltr'>Idem.</span> 
     </span>
    </p>

    <p class='ocr_par' dir='ltr' id='par_1_23' title="bbox 1095 1763 1799 1845">
     <span class='ocr_line' id='line_1_84' title="bbox 1139 1763 1799 1804; baseline 0.003 -10"><span class='ocrx_word' id='word_1_383' title='bbox 1139 1767 1179 1795; x_wconf 77' lang='lat'>18</span> <span class='ocrx_word' id='word_1_384' title='bbox 1204 1763 1325 1803; x_wconf 86' lang='lat' dir='ltr'>Honos]</span> <span class='ocrx_word' id='word_1_385' title='bbox 1363 1763 1485 1794; x_wconf 88' lang='lat' dir='ltr'>Gravis</span> <span class='ocrx_word' id='word_1_386' title='bbox 1503 1763 1639 1804; x_wconf 87' lang='lat' dir='ltr'>quidem</span> <span class='ocrx_word' id='word_1_387' title='bbox 1664 1768 1700 1795; x_wconf 90' lang='lat' dir='ltr'>et</span> <span class='ocrx_word' id='word_1_388' title='bbox 1715 1773 1799 1796; x_wconf 83' lang='lat' dir='ltr'>mas-</span> 
     </span>
     <span class='ocr_line' id='line_1_85' title="bbox 1095 1814 1443 1845; baseline 0 0"><span class='ocrx_word' id='word_1_389' title='bbox 1095 1815 1190 1845; x_wconf 81' lang='lat' dir='ltr'>culus</span> <span class='ocrx_word' id='word_1_390' title='bbox 1207 1814 1320 1845; x_wconf 81' lang='lat' dir='ltr'>decor.</span> <span class='ocrx_word' id='word_1_391' title='bbox 1347 1814 1443 1845; x_wconf 83' lang='lat' dir='ltr'>Idem.</span> 
     </span>
    </p>

    <p class='ocr_par' dir='ltr' id='par_1_24' title="bbox 1091 1863 1798 2348">
     <span class='ocr_line' id='line_1_86' title="bbox 1139 1863 1798 1904; baseline 0.002 -10"><span class='ocrx_word' id='word_1_392' title='bbox 1139 1867 1178 1895; x_wconf 83' lang='lat'>19</span> <span class='ocrx_word' id='word_1_393' title='bbox 1205 1865 1360 1895; x_wconf 73' lang='lat' dir='ltr'>Cristatus</span> <span class='ocrx_word' id='word_1_394' title='bbox 1375 1863 1469 1904; x_wconf 68' lang='lat' dir='ltr'>apex]</span> <span class='ocrx_word' id='word_1_395' title='bbox 1507 1865 1694 1904; x_wconf 83' lang='lat' dir='ltr'>Perperam</span> <span class='ocrx_word' id='word_1_396' title='bbox 1718 1874 1798 1895; x_wconf 89' lang='lat' dir='ltr'>non-</span> 
     </span>
     <span class='ocr_line' id='line_1_87' title="bbox 1095 1915 1797 1956; baseline 0 -10"><span class='ocrx_word' id='word_1_397' title='bbox 1095 1917 1176 1946; x_wconf 87' lang='lat' dir='ltr'>nulli</span> <span class='ocrx_word' id='word_1_398' title='bbox 1193 1916 1327 1947; x_wconf 80' lang='lat' dir='ltr'>codiees</span> <span class='ocrx_word' id='word_1_399' title='bbox 1344 1916 1514 1956; x_wconf 76' lang='lat' dir='ltr'>crispatus.-</span> <span class='ocrx_word' id='word_1_400' title='bbox 1536 1915 1578 1946; x_wconf 88' lang='lat' dir='ltr'>de</span> <span class='ocrx_word' id='word_1_401' title='bbox 1604 1916 1667 1946; x_wconf 87' lang='lat' dir='ltr'>hac</span> <span class='ocrx_word' id='word_1_402' title='bbox 1693 1916 1797 1946; x_wconf 85' lang='lat' dir='ltr'>crista</span> 
     </span>
     <span class='ocr_line' id='line_1_88' title="bbox 1096 1966 1793 1997; baseline 0 -1"><span class='ocrx_word' id='word_1_403' title='bbox 1096 1966 1267 1997; x_wconf 66' lang='lat' dir='ltr'>Phoenicis</span> <span class='ocrx_word' id='word_1_404' title='bbox 1315 1966 1522 1997; x_wconf 81' lang='lat' dir='ltr'>Dracontius</span> <span class='ocrx_word' id='word_1_405' title='bbox 1574 1966 1767 1996; x_wconf 73' lang='lat' dir='ltr'>Hexamero</span> <span class='ocrx_word' id='word_1_406' title='bbox 1785 1976 1793 1996; x_wconf 91' lang='lat'>:</span> 
     </span>
     <span class='ocr_line' id='line_1_89' title="bbox 1093 2015 1798 2057; baseline 0 -11"><span class='ocrx_word' id='word_1_407' title='bbox 1093 2017 1101 2032; x_wconf 85' lang='lat'>‘</span> <span class='ocrx_word' id='word_1_408' title='bbox 1121 2016 1206 2056; x_wconf 81' lang='lat' dir='ltr'>Igne</span> <span class='ocrx_word' id='word_1_409' title='bbox 1236 2026 1321 2057; x_wconf 86' lang='lat' dir='ltr'>vago</span> <span class='ocrx_word' id='word_1_410' title='bbox 1347 2017 1517 2047; x_wconf 86' lang='lat' dir='ltr'>rutulatur</span> <span class='ocrx_word' id='word_1_411' title='bbox 1544 2026 1654 2056; x_wconf 80' lang='lat' dir='ltr'>apex:</span> <span class='ocrx_word' id='word_1_412' title='bbox 1676 2015 1733 2046; x_wconf 86' lang='lat' dir='ltr'>fax</span> <span class='ocrx_word' id='word_1_413' title='bbox 1754 2025 1798 2046; x_wconf 61' lang='grc' dir='ltr'>’.ε-</span> 
     </span>
     <span class='ocr_line' id='line_1_90' title="bbox 1095 2067 1796 2107; baseline 0 -11"><span class='ocrx_word' id='word_1_414' title='bbox 1095 2067 1190 2097; x_wconf 78' lang='lat' dir='ltr'>thera</span> <span class='ocrx_word' id='word_1_415' title='bbox 1208 2068 1338 2107; x_wconf 84' lang='lat' dir='ltr'>lambit,</span> <span class='ocrx_word' id='word_1_416' title='bbox 1353 2073 1387 2098; x_wconf 89' lang='lat' dir='ltr'>et</span> <span class='ocrx_word' id='word_1_417' title='bbox 1400 2067 1521 2097; x_wconf 82' lang='lat' dir='ltr'>coelum</span> <span class='ocrx_word' id='word_1_418' title='bbox 1535 2072 1693 2107; x_wconf 88' lang='lat' dir='ltr'>repetens</span> <span class='ocrx_word' id='word_1_419' title='bbox 1705 2074 1796 2097; x_wconf 86' lang='lat' dir='ltr'>erec-</span> 
     </span>
     <span class='ocr_line' id='line_1_91' title="bbox 1094 2116 1798 2158; baseline -0.001 -11"><span class='ocrx_word' id='word_1_420' title='bbox 1094 2121 1130 2147; x_wconf 91' lang='lat' dir='ltr'>to</span> <span class='ocrx_word' id='word_1_421' title='bbox 1156 2117 1250 2148; x_wconf 82' lang='lat' dir='ltr'>crine</span> <span class='ocrx_word' id='word_1_422' title='bbox 1273 2116 1448 2158; x_wconf 76' lang='lat' dir='ltr'>vagaturt&#39;</span> <span class='ocrx_word' id='word_1_423' title='bbox 1466 2117 1521 2147; x_wconf 91' lang='lat' dir='ltr'>ubi</span> <span class='ocrx_word' id='word_1_424' title='bbox 1540 2125 1719 2156; x_wconf 82' lang='lat' dir='ltr'>perperam</span> <span class='ocrx_word' id='word_1_425' title='bbox 1740 2125 1798 2146; x_wconf 76' lang='grc' dir='ltr'>σα·-</span> 
     </span>
     <span class='ocr_line' id='line_1_92' title="bbox 1093 2165 1798 2207; baseline -0.004 -9"><span class='ocrx_word' id='word_1_426' title='bbox 1093 2172 1162 2198; x_wconf 82' lang='lat' dir='ltr'>tera</span> <span class='ocrx_word' id='word_1_427' title='bbox 1177 2167 1285 2198; x_wconf 83' lang='lat' dir='ltr'>lambit</span> <span class='ocrx_word' id='word_1_428' title='bbox 1301 2167 1479 2207; x_wconf 87' lang='lat' dir='ltr'>legebatur</span> <span class='ocrx_word' id='word_1_429' title='bbox 1493 2178 1500 2197; x_wconf 79' lang='lat' dir='ltr'>z</span> <span class='ocrx_word' id='word_1_430' title='bbox 1520 2167 1607 2196; x_wconf 86' lang='lat' dir='ltr'>male</span> <span class='ocrx_word' id='word_1_431' title='bbox 1625 2165 1798 2202; x_wconf 77' lang='lat' dir='ltr'>etiamsax</span> 
     </span>
     <span class='ocr_line' id='line_1_93' title="bbox 1091 2216 1789 2255; baseline -0.004 -7"><span class='ocrx_word' id='word_1_432' title='bbox 1091 2228 1176 2248; x_wconf 83' lang='lat' dir='ltr'>cerea</span> <span class='ocrx_word' id='word_1_433' title='bbox 1195 2218 1367 2248; x_wconf 81' lang='lat' dir='ltr'>Bartliius.</span> <span class='ocrx_word' id='word_1_434' title='bbox 1409 2218 1448 2247; x_wconf 83' lang='lat' dir='ltr'>In</span> <span class='ocrx_word' id='word_1_435' title='bbox 1467 2216 1631 2255; x_wconf 77' lang='lat' dir='ltr'>Epicedio</span> <span class='ocrx_word' id='word_1_436' title='bbox 1657 2216 1763 2246; x_wconf 90' lang='lat' dir='ltr'>Drusi</span> <span class='ocrx_word' id='word_1_437' title='bbox 1781 2226 1789 2245; x_wconf 70' lang='grc' dir='ltr'>ε</span> 
     </span>
     <span class='ocr_line' id='line_1_94' title="bbox 1091 2265 1797 2298; baseline -0.003 0"><span class='ocrx_word' id='word_1_438' title='bbox 1091 2268 1100 2284; x_wconf 87' lang='lat'>‘</span> <span class='ocrx_word' id='word_1_439' title='bbox 1119 2267 1254 2298; x_wconf 78' lang='lat' dir='ltr'>AEtliera</span> <span class='ocrx_word' id='word_1_440' title='bbox 1290 2267 1460 2297; x_wconf 82' lang='lat' dir='ltr'>subrectis</span> <span class='ocrx_word' id='word_1_441' title='bbox 1488 2265 1607 2296; x_wconf 89' lang='lat' dir='ltr'>lambit</span> <span class='ocrx_word' id='word_1_442' title='bbox 1639 2271 1673 2296; x_wconf 78' lang='lat' dir='ltr'>et</span> <span class='ocrx_word' id='word_1_443' title='bbox 1705 2270 1797 2296; x_wconf 77' lang='lat' dir='ltr'>astra</span> 
     </span>
     <span class='ocr_line' id='line_1_95' title="bbox 1092 2316 1415 2348; baseline 0 0"><span class='ocrx_word' id='word_1_444' title='bbox 1092 2316 1217 2348; x_wconf 69' lang='lat' dir='ltr'>comis!</span> <span class='ocrx_word' id='word_1_445' title='bbox 1239 2317 1282 2347; x_wconf 92' lang='lat' dir='ltr'>D.</span> <span class='ocrx_word' id='word_1_446' title='bbox 1302 2317 1415 2348; x_wconf 78' lang='lat' dir='ltr'>Heius.</span> 
     </span>
    </p>

    <p class='ocr_par' dir='ltr' id='par_1_25' title="bbox 1092 2365 1795 2448">
     <span class='ocr_line' id='line_1_96' title="bbox 1136 2365 1795 2407; baseline 0.002 -11"><span class='ocrx_word' id='word_1_447' title='bbox 1136 2366 1293 2397; x_wconf 71' lang='lat' dir='ltr'>Cristatus</span> <span class='ocrx_word' id='word_1_448' title='bbox 1307 2367 1402 2407; x_wconf 69' lang='lat' dir='ltr'>apex]</span> <span class='ocrx_word' id='word_1_449' title='bbox 1435 2367 1549 2398; x_wconf 87' lang='lat' dir='ltr'>Talem</span> <span class='ocrx_word' id='word_1_450' title='bbox 1566 2365 1718 2397; x_wconf 71' lang='lat' dir='ltr'>Plnoenici</span> <span class='ocrx_word' id='word_1_451' title='bbox 1737 2365 1795 2397; x_wconf 88' lang='lat' dir='ltr'>ad-</span> 
     </span>
     <span class='ocr_line' id='line_1_97' title="bbox 1092 2415 1399 2448; baseline -0.003 -1"><span class='ocrx_word' id='word_1_452' title='bbox 1092 2415 1257 2448; x_wconf 87' lang='lat' dir='ltr'>scribunt.</span> <span class='ocrx_word' id='word_1_453' title='bbox 1281 2417 1399 2447; x_wconf 80' lang='lat' dir='ltr'>Barth.</span> 
     </span>
    </p>

    <p class='ocr_par' dir='ltr' id='par_1_26' title="bbox 1091 2467 1400 2549">
     <span class='ocr_line' id='line_1_98' title="bbox 1133 2467 1400 2508; baseline 0.004 -11"><span class='ocrx_word' id='word_1_454' title='bbox 1133 2469 1176 2497; x_wconf 83' lang='lat'>20</span> <span class='ocrx_word' id='word_1_455' title='bbox 1199 2467 1281 2498; x_wconf 85' lang='lat' dir='ltr'>Luce</span> <span class='ocrx_word' id='word_1_456' title='bbox 1303 2468 1400 2508; x_wconf 83' lang='lat' dir='ltr'>secat]</span> 
     </span>
     <span class='ocr_line' id='line_1_99' title="bbox 1091 2516 1189 2549; baseline -0.01 -1"><span class='ocrx_word' id='word_1_457' title='bbox 1091 2516 1189 2549; x_wconf 89' lang='lat' dir='ltr'>rium.</span> 
     </span>
    </p>

    <p class='ocr_par' dir='ltr' id='par_1_27' title="bbox 1091 2566 1792 2658">
     <span class='ocr_line' id='line_1_100' title="bbox 1134 2566 1792 2609; baseline -0.002 -10"><span class='ocrx_word' id='word_1_458' title='bbox 1134 2568 1228 2609; x_wconf 78' lang='lat' dir='ltr'>Tyrio</span> <span class='ocrx_word' id='word_1_459' title='bbox 1239 2569 1412 2608; x_wconf 80' lang='lat' dir='ltr'>pinguntur</span> <span class='ocrx_word' id='word_1_460' title='bbox 1421 2578 1511 2599; x_wconf 83' lang='lat' dir='ltr'>crura</span> <span class='ocrx_word' id='word_1_461' title='bbox 1520 2566 1644 2607; x_wconf 76' lang='lat' dir='ltr'>veneno]</span> <span class='ocrx_word' id='word_1_462' title='bbox 1659 2568 1792 2608; x_wconf 88' lang='lat' dir='ltr'>Purpu-</span> 
     </span>
     <span class='ocr_line' id='line_1_101' title="bbox 1091 2617 1760 2658; baseline 0.001 -10"><span class='ocrx_word' id='word_1_463' title='bbox 1091 2627 1165 2649; x_wconf 84' lang='lat' dir='ltr'>reos</span> <span class='ocrx_word' id='word_1_464' title='bbox 1181 2617 1287 2658; x_wconf 81' lang='lat' dir='ltr'>pedes</span> <span class='ocrx_word' id='word_1_465' title='bbox 1305 2618 1365 2648; x_wconf 87' lang='lat' dir='ltr'>dat</span> <span class='ocrx_word' id='word_1_466' title='bbox 1380 2618 1534 2649; x_wconf 86' lang='lat' dir='ltr'>Phoenici</span> <span class='ocrx_word' id='word_1_467' title='bbox 1551 2628 1622 2649; x_wconf 85' lang='lat' dir='ltr'>suo.</span> <span class='ocrx_word' id='word_1_468' title='bbox 1646 2618 1760 2649; x_wconf 73' lang='lat' dir='ltr'>Barth.</span> 
     </span>
    </p>

    <p class='ocr_par' dir='ltr' id='par_1_28' title="bbox 1134 2668 1791 2711">
     <span class='ocr_line' id='line_1_102' title="bbox 1134 2668 1791 2711; baseline -0.002 -10"><span class='ocrx_word' id='word_1_469' title='bbox 1134 2672 1173 2700; x_wconf 88' lang='grc'>21</span> <span class='ocrx_word' id='word_1_470' title='bbox 1198 2668 1386 2701; x_wconf 79' lang='lat' dir='ltr'>Antevolant</span> <span class='ocrx_word' id='word_1_471' title='bbox 1396 2669 1554 2711; x_wconf 77' lang='lat' dir='ltr'>Zephyros</span> <span class='ocrx_word' id='word_1_472' title='bbox 1560 2668 1686 2711; x_wconf 77' lang='lat' dir='ltr'>pennae]</span> <span class='ocrx_word' id='word_1_473' title='bbox 1699 2669 1791 2700; x_wconf 87' lang='lat' dir='ltr'>Sum-</span> 
     </span>
    </p>
   </div>
   <div class='ocr_carea' id='block_1_5' title="bbox 1445 2466 1793 2498">
    <p class='ocr_par' dir='ltr' id='par_1_29' title="bbox 1445 2466 1793 2498">
     <span class='ocr_line' id='line_1_103' title="bbox 1445 2466 1793 2498; baseline 0.003 -1"><span class='ocrx_word' id='word_1_474' title='bbox 1445 2466 1560 2498; x_wconf 83' lang='lat' dir='ltr'>Radiis</span> <span class='ocrx_word' id='word_1_475' title='bbox 1585 2466 1690 2498; x_wconf 86' lang='lat' dir='ltr'>instar</span> <span class='ocrx_word' id='word_1_476' title='bbox 1709 2466 1793 2498; x_wconf 79' lang='lat' dir='ltr'>sola·</span> 
     </span>
    </p>
   </div>
  </div>
 </body>
</html>
