1763 3116
569 145 948 178 EPIGRAMMATA.

1369 139 1481 181 1733

606 362 896 405 LXXXVI.

342 505 413 548 36.
463 504 541 546 Est
562 505 603 546 in
631 504 853 561 Conspectu
884 504 1001 562 longe
1024 504 1166 547 Locus.

71 628 128 659 Est
151 628 239 668 longe
263 627 357 668 spatii
382 628 478 669 Iocus]
513 629 723 660 Moretanus.

28 678 168 710 Lucens.
190 683 234 710 est
258 679 291 710 in
319 682 479 718 conspectu
507 679 597 717 longo
624 680 725 716 locus,-

27 729 174 769 optime;
198 730 261 760 nisi
289 729 377 770 quod
393 731 480 769 longe
497 729 725 761 scribendum.

24 778 151 810 Thema
169 790 281 810 rursus
307 785 357 810 est
378 780 614 820 Virgilianum,
628 782 727 821 quale

26 839 126 869 supra
141 830 326 869 babuimus,
348 832 356 846 ‘
373 830 524 860 Rimanti
550 830 653 861 tolum
680 830 728 860 ira

26 878 131 909 facit!
192 881 313 910 Exstat
344 884 456 910 autem
488 879 726 910 hemistichion

26 928 184 960 AEneidos
211 930 338 969 primo:
365 929 463 969 bujus
489 934 578 960 notae
610 939 728 960 versus

24 979 121 1010 multi
138 979 337 1019 legebantur
354 978 386 1008 in
399 979 632 1019 antiquissimo
650 979 727 1020 Epi-

24 1034 247 1068 grammatum
264 1028 460 1059 Latinorum
477 1028 608 1068 codice,
625 1037 726 1070 quem

25 1079 115 1118 apud
134 1079 176 1109 V.
193 1079 242 1110 Cl.
259 1078 400 1109 Petrum
416 1079 622 1109 Scriverium
644 1078 726 1109 vidi.

29 1129 132 1160 etiam
160 1129 192 1159 in
211 1129 357 1169 vulgatis
382 1139 401 1159 a
416 1129 590 1169 Scaligero
616 1134 651 1161 et
672 1129 728 1160 Pi-

33 1180 122 1210 thoeo
153 1183 306 1210 veterum
346 1179 522 1219 poetarum
549 1179 728 1210 catalectis

35 1228 197 1271 ejusmodi
210 1229 369 1260 nonnulla
385 1234 580 1261 occurrunt.
619 1229 730 1260 Caete-

780 639 854 662 rum
877 639 993 661 versus
1010 629 1106 671 primi
1124 629 1170 660 sic
1186 627 1345 659 videntur
1358 628 1482 660 consti-

781 680 920 712 tuendi:
947 681 1006 711 Est
1026 681 1133 720 procul
1158 679 1280 719 ingenti
1301 679 1385 718 regio
1401 689 1482 710 sum·

780 734 863 762 mota
877 740 1006 770 recessu,
1024 731 1129 761 Insula
1144 740 1202 770 qua
1227 730 1351 761 reduces
1366 728 1484 768 fluctus

781 781 941 812 mitescere
949 782 1032 819 cogit
1046 780 1219 820 Tranquillo
1228 782 1381 820 praetenta
1393 778 1483 809 muri.

782 830 892 860 Video
909 834 944 861 et
960 830 1136 861 Bai-thium
1163 829 1252 860 curis
1270 828 1425 860 secundis
1447 828 1481 858 id

783 890 969 921 occupasse
987 892 995 919 3
1031 886 1111 912 ante
1142 881 1333 921 legebatur,
1363 888 1483 911 recessu

784 930 901 969 Insula,
917 941 996 970 quae.
1018 931 1066 961 D.
1083 931 1204 961 Heins.

824 982 844 1010 2
870 980 976 1010 Insula
989 979 1070 1019 quce]
1109 980 1256 1010 Curvam
1281 979 1315 1010 in
1346 982 1482 1020 portum

783 1028 925 1058 insulam
942 1028 1106 1059 describit
1122 1028 1242 1059 eodem
1259 1038 1334 1060 cum
1355 1028 1484 1069 superi-

783 1087 841 1109 ore
856 1078 1004 1109 carmine
1015 1082 1227 1117 argumento.
1250 1079 1366 1109 Barth.

825 1131 844 1159 3
870 1129 1058 1169 Fractusque
1069 1138 1126 1169 per
1135 1128 1247 1168 undas]
1284 1128 1413 1159 Molem
1430 1136 1484 1158 ea-

783 1188 857 1209 rum
888 1182 1049 1209 retusam.
1094 1178 1281 1209 Horatius:
1306 1178 1315 1194 ⁴
1334 1177 1480 1208 Fractis-

786 1237 851 1270 que
870 1228 963 1260 rauci
977 1227 1138 1260 fluctibus
1154 1227 1296 1260 Adriae.’
1321 1228 1419 1260 Idem.

595 1416 906 1458 LXXXVII.

409 1559 479 1602 37.
530 1557 598 1599 De
622 1556 841 1614 Quadriga
862 1571 1102 1599 marmorea.

66 1680 380 1714 Mssunosmsmuu
405 1686 458 1713 est
478 1682 541 1713 hoc
559 1678 727 1722 epigrar'n-

25 1741 90 1771 ma,
107 1731 196 1773 quod
210 1732 241 1762 in
256 1732 364 1772 primo
376 1731 544 1762 Vaticano
558 1741 625 1762 non
640 1741 729 1762 com-

25 1786 132 1822 paret.
167 1781 377 1812 Illustratum
392 1791 456 1812 non
474 1782 595 1812 inscite
612 1790 629 1811 a
646 1781 729 1812 Bar·

25 1831 94 1863 thio
119 1831 264 1863 Advers.
280 1841 358 1863 xiv.
375 1834 428 1862 20.
455 1832 509 1873 qui
537 1831 726 1863 adeundus.

23 1881 69 1913 D.
87 1881 200 1912 Heius.

65 1931 108 1962 In
125 1932 294 1973 quadrigis
312 1935 444 1963 tantum
467 1932 614 1963 studium
633 1936 727 1964 vete-

26 1991 113 2020 rum,
139 1986 176 2012 ut
203 1982 306 2012 etiam
335 1982 462 2013 fuerint
489 1983 547 2024 qui
573 1984 728 2023 Magicas

26 2037 117 2062 artes
135 2031 362 2070 adhibuerint,
389 2037 483 2064 tanta
507 2034 728 2074 existimatio,

26 2086 158 2113 tantum
175 2081 379 2113 desiderium
404 2083 625 2122 aurigationis
647 2084 729 2114 dex-

25 2136 89 2163 trae
118 2131 239 2162 inerat.
285 2132 373 2163 Nam
401 2137 436 2163 et
465 2133 522 2163 ilio
549 2132 616 2163 fine
645 2133 730 2164 tales

27 2181 157 2213 effictas
175 2182 334 2222 arbitror,
360 2184 468 2224 qualis
490 2184 553 2215 hoc
578 2184 730 2215 carmine

26 2232 244 2264 describitur.
269 2233 384 2264 Barth.

70 2287 85 2314 l
105 2284 299 2325 Innumeros]
316 2285 449 2325 Varios,
462 2284 730 2326 inexspectatus.

28 2333 126 2366 Idem.

71 2386 91 2414 2
115 2383 224 2422 Surgit
238 2385 267 2415 ἱη
278 2385 419 2424 aurigam
430 2387 551 2427 currus]
573 2386 640 2418 Qui
651 2390 730 2418 ante

28 2431 209 2464 incedebat
232 2434 338 2472 velut,
360 2445 401 2465 ex
427 2445 524 2465 curru
551 2435 589 2467 fit
617 2436 730 2467 currui

29 2482 205 2513 imminens
221 2484 348 2522 auriga.
396 2485 523 2515 Tortilis
539 2491 572 2516 et
590 2485 735 2516 mutabi-

28 2532 70 2565 lis
86 2532 118 2562 in
137 2532 244 2562 varios
261 2533 373 2563 vultus
396 2534 551 2564 machina
574 2544 616 2564 ex
633 2544 734 2565 curru

31 2581 188 2623 pariebat
215 2582 376 2623 aurigam,
403 2592 445 2613 cx
476 2584 594 2624 auriga
621 2584 733 2617 denuo

32 2641 180 2664 currum.
202 2632 300 2665 Idem.

825 1681 940 1720 Surgit
971 1680 1005 1711 in
1040 1678 1184 1718 aurigam
1213 1676 1337 1717 currus]
1381 1677 1486 1710 Forte

780 1731 905 1769 vergit‚·
943 1733 981 1760 ut
1007 1728 1159 1769 aurigam
1185 1736 1287 1758 curru
1309 1736 1488 1758 excussum

781 1779 951 1821 designet,
976 1784 1079 1820 atque
1096 1778 1145 1809 ilii
1168 1787 1302 1809 currum
1319 1778 1488 1818 illapsum.

781 1831 865 1861 Mox
885 1830 943 1861 Vir
957 1830 1038 1860 redit
1055 1829 1087 1860 in
1103 1838 1228 1859 currum
1244 1837 1305 1868 pro
1322 1827 1385 1859 Vix
1401 1827 1488 1859 bene

782 1880 986 1911 Rosweidus
1000 1884 1089 1911 teste
1103 1879 1262 1909 Barthio:
1287 1877 1490 1909 confirmant

783 1941 826 1962 ex
844 1931 980 1972 scriptis
997 1930 1158 1962 nonnulli.
1182 1929 1228 1960 D.
1246 1929 1359 1960 Heins.

826 1987 844 2013 5
874 1983 937 2014 Vix
950 1982 1032 2013 redit
1049 1982 1082 2012 in
1097 1979 1239 2019 currum]
1272 1980 1324 2010 Ex
1343 1979 1413 2010 viro
1431 1978 1488 2010 de-

783 2043 851 2064 nuo
868 2031 905 2063 fit
922 2041 1056 2063 currus.
1083 2030 1199 2061 Barth.

827 2086 848 2113 6
876 2083 926 2113 Ex
940 2083 1001 2113 alio
1016 2091 1047 2112 se
1058 2081 1183 2121 quisque
1190 2079 1291 2119 facit]
1317 2079 1371 2109 Ex
1384 2079 1446 2109 alto
1459 2088 1490 2110 se

784 2133 1002 2173 quisquejacit
1014 2131 1124 2164 codex
1136 2130 1293 2162 Claverii.
1316 2129 1362 2160 D.
1377 2129 1490 2160 Heius.

829 2183 885 2213 Ea:
909 2183 972 2213 alio
993 2192 1025 2213 se
1049 2182 1173 2222 quisque
1191 2180 1291 2220 facit]
1316 2179 1496 2211 Ciaverius

785 2242 825 2263 ex
840 2233 902 2263 alto
924 2242 955 2263 se
971 2232 1096 2273 quisque
1115 2231 1212 2270 jacit.
1259 2231 1338 2262 Non
1362 2230 1492 2270 inepte,

786 2292 850 2314 nec
869 2287 981 2313 tamen
998 2291 1091 2313 vere.
1136 2283 1203 2312 Suo
1228 2282 1321 2312 velut
1346 2285 1439 2311 motu
1455 2290 1490 2311 se

786 2343 828 2364 ex
847 2333 957 2363 aliena
975 2331 1093 2373 figura,
1116 2341 1157 2363 ea
1181 2336 1327 2373 mutata,
1350 2332 1490 2373 quisque

786 2383 882 2415 facit.
905 2383 1020 2414 Barth.

829 2437 847 2464 7
872 2434 1053 2473 Ductusque
1066 2443 1122 2474 per·
1136 2433 1253 2473 artem]
1276 2433 1346 2464 Per
1361 2432 1491 2463 varium

789 2484 974 2516 artificium
993 2486 1027 2515 in
1048 2494 1114 2515 non
1136 2494 1239 2515 unum
1262 2494 1299 2515 os
1316 2483 1493 2515 deductus.
1520 2479 1524 2480 ⁷

788 2537 930 2567 Mentem
943 2546 1004 2577 pro
1018 2535 1129 2567 frusto
1142 2535 1266 2576 lapidis
1280 2535 1406 2566 dictum
1417 2533 1492 2573 jain

788 2596 892 2628 supra
903 2586 1104 2618 notabamus
1117 2585 1158 2617 ad
1169 2586 1378 2627 Magnetem.
1395 2584 1491 2614 Idem.
