1859 3148
364 134 476 176 1740

364 239 531 269 thontiacis
566 239 700 277 ignibus,
748 237 836 277 quod
874 237 1059 268 Vaticanus

365 300 448 319 unns
475 294 591 329 postea
619 287 841 318 confirmavit.
887 287 940 317 Sic
971 288 1059 327 apud

365 341 547 378 Nasonem,
591 340 731 369 Metam.
770 346 818 368 lv.
857 337 889 367 in
925 338 1061 378 optimis

364 390 587 420 membranis:
623 391 631 405 ‘
652 388 707 418 Nil
742 387 799 417 illo
828 385 938 417 fertur
969 388 1060 418 volu-

365 451 457 471 crum
475 440 667 470 moderator
683 446 842 478 equorum
860 437 941 467 Post
955 437 1062 468 Phae-

365 490 554 521 tliontiacos
585 487 707 517 vidisse
746 486 913 518 dolentius
942 487 1060 527 ignes.'

365 541 500 572 Dii-itur
517 544 551 569 et
571 539 805 569 Phuifthontius.

408 594 443 620 15
470 591 539 620 Non
570 590 626 619 huc
649 598 821 628 exsangues
845 588 958 628 morbi]
996 590 1061 619 Ex-

360 640 487 677 sanguis
504 639 624 669 morbus
642 639 673 668 in
691 639 866 669 Vossiano.
914 640 995 669 Mox
1010 642 1060 670 18.

363 699 423 728 pro
439 692 492 720 unt
514 689 604 718 Mars
627 688 746 728 scripti
767 688 850 718 mira
872 688 1061 727 pertinacia

362 739 521 768 mendose
551 742 603 769 unt
631 742 740 778 metus,
765 748 841 769 cum
871 741 968 768 melus
987 738 1059 778 jam

363 788 589 828 praecesserit.

404 841 442 868 25
469 838 614 875 &ufens
625 838 658 868 in
674 839 771 869 medio
783 838 843 878 est]
880 837 921 869 Τὸ
938 843 1059 870 estnon

362 888 540 918 exhibetur
557 898 576 918 a
593 889 786 919 melioribus
803 889 907 920 libris.

402 942 444 970 39
473 939 634 978 Consedit]
675 939 813 970 Rectius
827 940 958 970 considit
972 940 1061 979 lega-

362 998 447 1028 mus,
471 995 503 1019 et
522 990 569 1020 sic
586 988 807 1027 Hafniensis3
835 990 867 1020 in
893 991 1060 1021 nonnullis

363 1040 546 1070 conscendit.

403 1093 445 1120 40
474 1091 516 1120 lit
544 1090 623 1120 mira
646 1091 741 1120 lucem
757 1099 825 1120 voce
841 1090 920 1120 clere
936 1089 1060 1129 norum]

361 1140 480 1170 Metuo
520 1149 560 1170 ne
600 1139 678 1180 quid
725 1139 928 1170 clandestini
970 1140 1060 1169 naevi

363 1189 564 1229 obrep=erit.
601 1190 798 1220 Vossianus:
825 1191 868 1220 Et
890 1190 969 1219 mira
998 1190 1062 1220 luce

361 1250 430 1270 rore
446 1240 562 1277 rcfcrre
577 1250 664 1270 nora.
699 1239 868 1277 Oxouius,
884 1239 1062 1277 vociferare.

362 1288 401 1319 In
419 1290 531 1318 multis
546 1299 663 1319 morere
680 1289 732 1319 vel
749 1298 883 1326 monere,
899 1298 962 1327 pro
974 1288 1061 1319 ciere.

362 1338 495 1377 Opinor
521 1338 615 1367 lucem
640 1335 850 1373 rocesovere;
880 1336 997 1374 referre
1015 1341 1063 1367 ta-

361 1397 437 1417 men
480 1396 539 1426 pro
569 1386 674 1427 loqui,
704 1395 840 1425 canere,
875 1387 1061 1425 nunciare;

363 1437 529 1478 quomodo
546 1439 554 1454 ‘
574 1438 658 1468 lucis
672 1438 886 1478 praenuncius
902 1438 981 1469 ales'
995 1437 1062 1469 fre-

361 1494 505 1528 quenter
518 1488 606 1528 apud
625 1488 744 1528 poetas
761 1489 921 1519 occurrit.

410 1541 449 1569 47
478 1538 578 1573 Quum
603 1547 658 1568 nec
687 1538 783 1568 liileoe
807 1537 907 1577 voces]
936 1538 1061 1568 Mirum

363 1593 506 1629 quantas
523 1588 640 1619 turbas
665 1588 891 1618 excitaverint
907 1588 996 1618 inter
1016 1588 1063 1618 in-

362 1643 529 1678 terprctes
568 1640 617 1668 lare
652 1647 738 1668 foces
771 1638 873 1670 linea».
919 1638 1063 1677 Magnus

361 1688 536 1718 Turnebus
554 1687 834 1718 Adversariorum
852 1695 942 1718 xvu.
958 1690 989 1717 9.
1005 1697 1062 1718 ex-

362 1737 463 1778 plosis
496 1738 636 1767 aliorum
662 1736 877 1775 commentis,
902 1737 945 1768 ad
966 1747 1063 1768 cano-

361 1798 415 1819 ras
432 1788 634 1818 musicorum
660 1797 759 1818 voces
774 1788 837 1818 hoc
855 1786 974 1826 refert,
987 1797 1061 1828 qnae

362 1838 395 1869 in
413 1838 604 1878 Capitolino
622 1837 848 1868 audiebantur
864 1837 1062 1869 certamine.

362 1888 429 1919 Sed
456 1894 628 1918 certamen
654 1887 743 1917 istud
764 1886 995 1927 Capitolinum
1020 1897 1063 1918 ae-

363 1942 434 1968 tate
452 1937 622 1968 Lactantii
636 1937 705 1977 jam
723 1937 844 1967 abiisse
861 1937 895 1967 in
909 1937 1065 1968 desuetu-

361 1988 474 2019 dinem
486 1988 557 2029 quis
571 1988 679 2018 nescit
693 1987 704 2016 ἓ
717 1988 839 2019 Caelius
854 1987 1062 2028 Rliodiginus

364 2040 405 2070 ad
432 2039 636 2069 Simonidem
676 2039 847 2078 trahebat,
882 2039 939 2080 qui
966 2045 1063 2070 natus

361 2090 473 2121 Iiilide
497 2091 575 2120 Ceae
590 2089 704 2119 insulae
723 2089 872 2119 civitate.
918 2089 984 2120 Sed
1001 2090 1063 2120 hoc

356 2141 427 2180 jam
447 2145 525 2170 ante
538 2139 735 2169 observarat
747 2139 852 2170 Janus
866 2139 1063 2170 Parrhasius

363 2191 406 2221 ad
434 2189 609 2221 Claiidiani
648 2190 796 2228 Raptum
837 2190 1063 2230 Proserpinam

362 2239 672 2271 Betuleius'lovssov
685 2239 885 2269 cantilenam
903 2239 1003 2269 fnisse
1021 2250 1062 2271 ex

362 2290 570 2331 Apollodoro
588 2293 714 2319 monet.
763 2289 920 2319 Nonnulli
953 2290 1064 2320 avicu-

361 2341 427 2371 lam
441 2340 646 2378 intelligunt.
694 2338 761 2368 Alii
788 2339 852 2368 alia
876 2338 1063 2369 comminis-

361 2394 497 2420 cuntur.
544 2388 589 2418 At
608 2387 760 2428 quantilli
780 2387 903 2417 laboris
921 2392 994 2418 erat
1021 2388 1062 2418 ad

361 2439 573 2470 membranas
603 2442 736 2467 veteres
761 2436 965 2475 confugisse,
985 2447 1063 2477 qua-

364 2498 435 2520 rum
451 2489 543 2519 nulla
561 2488 664 2517 Iiileus
684 2495 768 2516 voces
784 2486 935 2525 agnoscit
950 2487 955 2516 !
985 2487 1063 2516 Vul-

364 2549 424 2580 gus
463 2538 617 2569 codicum
650 2537 778 2566 Idoneus
806 2545 889 2566 voces
926 2536 1064 2567 exhibet

363 2590 568 2631 promiscue,
589 2588 651 2618 nisi
679 2586 766 2627 quod
789 2587 820 2616 in
840 2586 1063 2617 Lincolniensi

364 2639 451 2670 libro
465 2640 571 2677 ldaeae,
599 2638 631 2668 in
649 2636 903 2668 Bartlioliuiano
929 2638 1064 2668 Idioneoe

361 2698 459 2731 τοι-ω,
490 2691 680 2720 occurrunt.
737 2687 956 2727 Quapropter
984 2688 1062 2719 mihi

828 143 969 173 NOTAE
1003 143 1263 174 VARIORUM
1298 143 1349 173 IN

1105 237 1176 278 jam
1195 238 1272 269 olim
1287 237 1539 268 adolescentulo
1564 237 1710 269 suboluit
1724 237 1812 270 a'e'do-

1111 290 1179 319 nias
1201 299 1287 319 voces
1311 289 1374 319 lmc
1403 298 1476 319 esse
1505 288 1723 328 revocandas,
1749 288 1810 320 boc

1113 344 1178 378 est,
1192 340 1341 370 lusciniae
1370 343 1504 370 cantum
1522 343 1704 378 tantopere
1724 339 1811 369 cele-

1112 389 1258 429 bratum,
1276 389 1362 430 quod
1377 390 1597 420 meminissem
1616 389 1703 419 AEet
1721 390 1739 420 I
1757 397 1811 419 ve·

1113 439 1211 470 tustis
1238 440 1487 480 exemplaribus
1515 438 1714 480 frequenter
1738 447 1813 469 eon-

1112 488 1220 520 fundi.
1266 490 1494 520 Conlirmatus
1513 499 1583 519 sum
1608 489 1756 519 nonnihil
1778 488 1811 518 in

1111 539 1174 569 hac
1210 540 1395 578 sententia,
1426 539 1586 579 inspectis
1617 539 1812 569 Bodleianis

1113 589 1330 627 membranis,
1338 599 1412 629 quae
1423 590 1562 620 Ydoneus
1571 598 1654 619 voces
1665 594 1814 620 ostenta-

1111 638 1214 668 bant:
1237 638 1343 677 magis
1360 643 1472 668 autem
1488 648 1630 668 excusso
1647 638 1813 669 Vossiano

1111 687 1228 720 codice
1242 692 1439 728 pervetusto
1455 688 1524 726 illo,
1537 688 1591 728 qui
1615 688 1746 717 uidonioe
1760 697 1814 718 vo·

1110 748 1157 769 ces
1173 737 1348 768 manifeste
1363 738 1527 777 scriptum
1540 737 1731 768 exhibebat.
1755 737 1815 768 Sic

1113 789 1203 830 apud
1234 789 1354 829 poetas
1379 788 1520 819 Graecos
1546 787 1744 829 frequenter
1758 798 1813 820 oc-

1113 839 1219 870 currit
1236 837 1389 876 ἆηδόνειος
1401 837 1473 878 ᾠδὴ,
1485 837 1534 868 καὶ
1545 837 1700 874 ἆηδόνειον
1708 837 1812 876 μέλος.

1112 891 1188 922 Nec
1217 900 1298 921 sane
1330 889 1470 920 rationis
1495 889 1672 929 quicquam
1690 889 1814 920 eratin

1113 944 1260 980 promtu,
1287 949 1346 970 cur
1383 938 1582 969 Lactantius
1610 938 1642 968 in
1673 947 1814 969 numero

1112 990 1173 1020 hoc
1192 989 1302 1019 avium
1321 998 1516 1019 canorarum
1535 997 1599 1017 non
1618 993 1814 1019 recenseret

1113 1039 1300 1070 lusciniam.
1346 1037 1479 1070 Auctor
1497 1038 1654 1068 carminis
1666 1047 1814 1078 panegy-

1114 1090 1175 1120 rici
1192 1089 1232 1120 ad
1245 1090 1415 1128 Pisonem,
1432 1088 1522 1130 quod
1537 1089 1673 1118 Lucano
1689 1088 1815 1117 adscri-

1112 1140 1231 1171 bitur:
1270 1140 1350 1169 ‘Sic
1381 1143 1416 1169 et
1439 1137 1584 1168 aedonia
1610 1142 1815 1177 superantur

1115 1199 1197 1220 voce
1213 1187 1364 1219 cicadae!
1398 1187 1603 1227 Respexisse
1617 1187 1814 1218 Lactantius

1115 1240 1251 1270 videtur
1268 1239 1309 1269 ad
1336 1239 1417 1269 illud
1438 1238 1561 1269 veteris
1581 1237 1691 1278 poe'tae
1708 1237 1750 1269 de
1766 1239 1815 1269 Si-

1114 1298 1231 1319 renum
1256 1293 1380 1319 cantu:
1418 1289 1427 1305 ⁴
1442 1287 1582 1318 Illarum
1614 1297 1726 1328 voces,
1747 1288 1816 1318 illa-

1115 1347 1188 1368 rum
1209 1338 1309 1368 Musa
1322 1337 1479 1369 movebat
1495 1337 1619 1368 Omnia
1636 1347 1710 1378 quae
1727 1338 1817 1378 Thy·

1114 1388 1200 1418 mele
1213 1388 1359 1418 carmina
1372 1387 1478 1418 dulcis
1492 1392 1580 1418 amat
1592 1399 1598 1418 :
1611 1388 1711 1420 Quod
1723 1388 1816 1428 tuba,

1115 1438 1206 1478 quod
1224 1438 1311 1477 litui,
1323 1437 1410 1478 quod
1425 1447 1550 1468 cornua
1563 1447 1662 1469 rauca
1674 1447 1817 1479 querun-

1114 1492 1182 1527 tur,
1199 1488 1364 1529 Quodque
1382 1487 1600 1518 foraminibus
1618 1488 1700 1518 tibia
1722 1489 1815 1520 mille

1113 1543 1231 1568 sonat:
1261 1537 1429 1578 Quodque
1460 1538 1552 1569 leves
1579 1539 1709 1577 calami,
1725 1539 1815 1579 qnod

1114 1588 1224 1619 suavis
1240 1592 1358 1618 cantat
1375 1587 1495 1626 aedon,
1507 1588 1609 1619 Quod
1627 1589 1710 1627 lyra,
1723 1588 1814 1628 quod

1115 1639 1269 1677 citliarae,
1281 1637 1368 1678 quod
1384 1637 1601 1668 moribundus
1619 1637 1714 1668 olor.'
1740 1638 1816 1669 Cal-

1115 1689 1256 1729 purnius
1274 1688 1306 1718 in
1331 1686 1521 1718 Bucolicis:
1556 1687 1739 1718 ‘Vocalem
1764 1697 1817 1718 su-

1115 1743 1215 1779 perat
1240 1738 1288 1768 sic
1314 1738 1405 1768 dirus
1423 1737 1552 1768 aedona
1571 1736 1682 1767 bubo!
1713 1736 1815 1777 Apud

1113 1788 1345 1826 Theocritum,
1376 1786 1477 1827 Idyll.
1516 1784 1558 1823 η’.
1595 1786 1683 1826 αἵπερ
1715 1786 1816 1824 ὁμοῖον

1115 1837 1285 1868 Μυυσῖσδοι
1310 1835 1437 1876 Δάφνης
1473 1838 1576 1867 ταῖσιν
1598 1835 1745 1874 ἆηδονίσι·
1778 1841 1816 1868 ut

1115 1886 1360 1929 propemodum
1387 1886 1538 1918 lusciniae
1564 1897 1628 1918 vox
1645 1896 1769 1918 canora
1783 1886 1816 1918 in

1115 1937 1331 1978 proverbium
1366 1937 1500 1968 abierit.
1547 1938 1754 1978 Corruptum
1782 1947 1816 1968 e·

1115 1990 1196 2020 tiam
1235 1987 1373 2019 aedonis
1407 1998 1528 2019 nomen
1565 1989 1599 2018 in
1641 1987 1816 2028 Petronio,

1116 2038 1206 2079 apud
1224 2047 1322 2078 quem
1337 2038 1478 2068 silvester
1499 2038 1618 2077 iusdon,
1635 2047 1696 2078 pro
1711 2039 1816 2069 silves·

1115 2088 1175 2118 tris
1200 2088 1296 2118 aedon
1324 2087 1573 2119 circumfertur.
1626 2087 1741 2128 Atque
1769 2088 1817 2119 ita

1115 2138 1205 2169 nitor
1222 2138 1384 2178 pristinus
1415 2138 1490 2168 loco
1518 2137 1661 2177 pessime
1678 2136 1816 2168 adfecto

1115 2188 1366 2229 plurimumque
1379 2191 1502 2218 vexato
1519 2196 1580 2226 per
1593 2187 1719 2226 mejam
1737 2186 1816 2217 olim

1115 2243 1167 2268 est
1181 2237 1372 2276 restitutus,
1389 2235 1618 2276 applaudente
1643 2236 1817 2267 Gronovlo

1115 2292 1186 2317 tum
1216 2292 1347 2325 nostro,
1377 2286 1431 2316 cui
1459 2293 1532 2315 eam
1565 2285 1815 2316 restitutionem

1116 2341 1292 2376 acceptam
1310 2334 1438 2366 referre
1454 2335 1586 2372 maluit,
1602 2344 1702 2375 quam
1723 2335 1816 2375 mihi,

1116 2396 1264 2425 nuperus
1279 2386 1450 2416 Lactantii
1466 2384 1590 2415 editor.
1634 2384 1708 2415 Nec
1734 2385 1816 2416 mul-

1116 2440 1184 2466 tum
1204 2436 1380 2466 aberravit
1396 2445 1415 2465 a
1426 2444 1541 2475 scopo,
1555 2443 1621 2475 quo
1635 2434 1814 2465 collineare

1116 2485 1275 2524 debebat,
1305 2485 1361 2526 qui
1397 2485 1605 2515 Mercurium
1638 2494 1698 2524 pro
1723 2485 1817 2521 Sosia

1117 2535 1290 2574 amplexus
1318 2538 1381 2574 est,
1406 2543 1444 2564 ac
1463 2539 1595 2574 partem
1615 2534 1682 2564 mei
1707 2535 1816 2574 potio-

1117 2594 1198 2621 rem,
1215 2584 1276 2614 hoc
1297 2589 1360 2622 est,
1391 2583 1497 2614 virum
1529 2584 1628 2623 longe
1655 2582 1815 2614 amicissi-

1115 2643 1203 2664 mum
1244 2644 1305 2674 pro
1337 2643 1389 2664 nie
1418 2634 1488 2673 ipso
1513 2633 1593 2663 mihi
1617 2633 1811 2664 ostentavit.

1114 2684 1224 2716 Versu
1251 2684 1405 2725 proxime
1441 2682 1661 2725 subsequenti
1691 2682 1814 2716 rectius
