1763 3116
516 171 579 202 DE
611 170 767 200 BELLO
799 168 991 199 GETlco.

77 269 133 296 131
167 266 220 297 Vel
235 267 343 307 armis]
365 267 411 297 Et
423 265 533 296 armis.
567 264 682 295 Barth.

76 319 135 346 134
178 316 319 346 Validam
344 314 482 354 gentem]
521 314 622 354 Apud
654 313 725 346 Jul.

31 365 117 406 Imp.
135 366 166 395 iu
184 365 287 396 Caess.
302 365 464 404 gloriatur
478 364 596 404 Ulpius
611 364 725 404 Traja-

30 424 104 453 nus,
128 415 215 456 quod
234 415 373 446 Geticas
400 414 551 445 nationes
577 413 724 444 omnium

30 464 299 496 bellicosissimas
340 468 375 494 et
414 464 566 504 corporis
598 463 725 494 viribus

29 514 229 553 praevalidas
244 513 369 543 fuderit
386 515 486 554 paulo
503 514 611 544 miuus
627 523 726 554 quam

26 563 264 604 quinquennio.
291 563 411 596 Claver.

71 615 132 643 138
163 614 261 645 Lento
285 615 466 655 luctamine]
499 615 606 648 Quasi
635 615 728 645 lucta

25 671 236 702 congressus.
262 665 373 696 Barth.

67 713 165 744 Lento
177 715 339 746 luctamine
352 714 493 754 Poenum]
516 714 592 745 Nou
604 714 726 745 damno

25 763 110 794 lianc
123 765 306 795 lectionem
322 776 328 795 z
356 765 465 795 malim
481 771 594 795 tamen
607 768 727 795 cuncta-

25 815 117 854 mine,
146 816 234 856 quod
261 822 378 856 postea
405 815 646 847 confirmarunt
671 825 726 846 ex-

25 870 145 904 cerpta
160 865 339 905 Pomponii
356 866 464 896 Laeti:
491 866 539 896 ita
553 864 624 896 fere
640 875 725 896 sem-

26 923 86 953 per
117 914 242 954 poe'tae,
272 925 347 945 cum
379 915 421 945 de
453 915 559 945 Fabio
591 916 722 954 agitur3

24 963 113 995 unde
130 969 163 995 et
177 965 375 994 Cum-tatoris
390 975 509 995 nomen
526 965 574 995 illi
590 965 724 1005 imposi-

21 1019 105 1045 tum.
135 1015 342 1044 Medilamina
356 1020 456 1045 vocat
470 1015 593 1046 Silius:
616 1015 624 1031 ‘
641 1016 724 1046 lenti

23 1064 243 1095 meditamina
273 1063 351 1094 belli
380 1065 507 1095 Cautus
532 1065 638 1095 ama:’
675 1065 722 1096 sic

23 1115 156 1153 scribo·‚
203 1115 327 1145 insulso
367 1116 468 1156 vulgo
509 1117 722 1147 medicamina.

23 1165 63 1196 D.
81 1165 201 1196 Heius.

66 1219 127 1248 139
143 1217 258 1257 Ausus]
277 1217 460 1249 Absolute:
473 1219 620 1257 congredi
634 1218 724 1249 enim

22 1268 214 1300 addendum
231 1275 315 1301 erat.
340 1270 456 1301 Barth.

66 1321 126 1350 140
161 1321 268 1351 Virtus
297 1320 467 1360 Scipiadae]
507 1321 724 1352 Graecisnius.

22 1370 206 1401 Horatius:
227 1373 235 1387 ‘
255 1371 370 1401 Virtus
386 1371 555 1411 Scipiadae
577 1377 613 1402 et
638 1371 726 1402 mitis

21 1420 195 1460 Sapientia
212 1420 321 1451 Laeli?
355 1421 514 1462 Hincque
534 1422 724 1459 descendit,

22 1471 108 1510 quod
128 1471 159 1500 in
178 1471 318 1501 abusum
344 1472 455 1510 rapuit
481 1471 615 1511 sequior
631 1475 725 1510 aetas,

19 1519 223 1558 dignitatem
254 1521 458 1551 virtutemve
488 1520 631 1550 hominis
661 1530 724 1561 pro

19 1570 165 1610 ipsomet
183 1570 307 1600 dicere.
335 1571 432 1601 Idem.

64 1623 122 1651 143
150 1621 223 1651 Tres
235 1621 337 1659 potuit
361 1621 508 1660 complere
524 1618 630 1660 duces]
662 1619 723 1650 Su-

15 1679 124 1710 perare
142 1670 303 1710 Isingriu.
323 1671 490 1702 Pricaean.
514 1675 594 1701 tert.
608 1670 723 1701 Vatic.

18 1725 53 1752 et
71 1721 220 1752 Florent.
245 1722 278 1752 S.
298 1721 420 1759 Marci,
449 1720 541 1762 quod
560 1720 633 1760 plus
648 1725 720 1758 est;

18 1780 129 1812 neque
145 1772 245 1802 aliter
272 1772 472 1803 Pricaeauus
502 1781 562 1812 pro
588 1770 722 1802 diversa

17 1822 176 1854 lectione.
222 1824 304 1853 Mox
321 1822 452 1862 frangit
470 1821 722 1862 Raphelengius

17 1878 139 1904 contra
156 1875 323 1915 scriptos;
349 1874 473 1915 probat
499 1878 610 1905 tamen
636 1873 719 1903 Bar—

16 1923 117 1962 thius,
144 1925 199 1965 qui
219 1930 251 1955 et
271 1926 364 1956 vincit
393 1925 625 1966 reponendum
643 1935 719 1956 cen-

17 1979 86 2004 set:
112 1980 206 2005 certe
222 1974 258 2004 τὸ
274 1976 371 2005 vincit
391 1976 423 2005 in
449 1975 600 2015 plurimis
618 1985 719 2006 mem-

17 2023 127 2054 branis
142 2030 264 2055 exstat.
291 2027 330 2056 D.
349 2026 462 2056 Heius.

63 2073 137 2104 Tres
151 2074 268 2114 potuit]
301 2074 342 2105 Τὸ
355 2077 458 2115 potuit
475 2075 616 2107 arduum
633 2087 718 2118 opus

18 2123 181 2164 designat.

59 2175 245 2215 Fregitque]
284 2177 508 2208 Claudianum
544 2178 719 2218 scripsisse

18 2224 432 2265 arbitrorsrangitquesur.
456 2228 492 2258 C.
510 2227 661 2269 vincitque
678 2240 718 2260 m.

15 2273 187 2314 victumque
203 2277 333 2314 relegat.
369 2277 454 2309 Quae
480 2279 650 2318 scriptura
671 2280 719 2310 iu-

15 2333 116 2363 super
126 2325 188 2355 hoc
202 2326 304 2356 etiam
316 2327 489 2367 egregium
504 2328 619 2369 habet,
631 2331 719 2370 qnod

17 2373 144 2405 indicat
172 2376 292 2415 raptim
318 2387 451 2417 unoque
470 2379 563 2409 velut
590 2380 719 2420 impetu

16 2423 108 2454 facta
125 2424 189 2454 ista
205 2427 326 2458 omnia.
354 2428 468 2459 Barth.

63 2476 121 2505 145
161 2476 342 2509 miscentem
372 2479 513 2510 incendia
545 2480 719 2521 Pyrrhum]

21 2524 137 2554 Proelia
164 2525 286 2565 Isiugr.
313 2533 392 2560 tert.
406 2531 565 2562 Vatican.
591 2538 624 2562 et
643 2533 722 2563 Rot-

18 2574 176 2614 teudorp.
190 2581 224 2605 ut
238 2578 325 2616 apud
340 2579 462 2619 Virgil.
481 2582 489 2597 ‘
506 2581 584 2620 ipsis
601 2583 721 2622 praelia

18 2625 162 2655 miscent
186 2625 373 2665 Aggeribus
398 2630 593 2661 murorum!
637 2631 721 2663 Post

17 2674 54 2705 τὸ
70 2674 154 2705 breti
171 2685 245 2706 cum
270 2677 409 2708 Bartliio
431 2679 720 2720 distinguendum.

23 2725 124 2756 Tanto
139 2725 234 2756 lustro
251 2725 354 2757 etiam
371 2736 432 2768 pro
448 2730 513 2759 toto
528 2730 624 2760 lustro
640 2730 723 2761 Hel-

1371 161 1388 198 ]
1398 161 1482 202 557

777 262 1033 293 maestadiensis.
1058 261 1101 293 D.
1121 261 1232 293 Heius.

821 314 881 343 147
906 312 982 343 Itali
1010 322 1065 352 per
1093 312 1250 351 graminis
1278 311 1402 352 herbas]
1430 314 1481 345 Cl.

778 362 939 393 Bartliius
950 363 1037 393 Latii
1052 372 1106 402 per
1114 362 1260 401 gramina
1272 361 1393 392 brumas
1404 371 1482 393 cou-

773 412 864 452 jicit,
887 412 945 442 sed
965 412 1093 443 timide.
1138 411 1253 443 Editio
1270 411 1483 443 Amsteloda-

779 462 900 492 mensis
926 462 1109 493 Caesiorum
1143 462 1233 492 Latii
1256 472 1314 502 per
1336 463 1483 502 gramina

778 521 899 551 messes,
923 518 959 542 et
975 522 1053 543 mox
1069 513 1214 543 bellorum
1236 522 1296 554 pro
1317 516 1481 548 terrorum,

779 568 899 594 contra
914 563 1153 594 auctoritatem
1175 563 1322 594 omnium
1339 563 1484 604 scripto-

779 622 872 651 rum;
898 623 974 654 quae
999 613 1141 644 audacia
1163 614 1301 644 minime
1328 613 1482 647 ferenda.

779 664 927 704 Vulgata
948 664 1050 695 lectio
1074 674 1140 694 uon
1166 663 1231 695 fuit
1255 664 1481 696 sollicitanda.

781 713 943 745 Graminis
953 714 1045 744 herba
1062 724 1120 755 pro
1133 715 1207 755 ipso
1222 714 1383 755 gramine.
1409 714 1483 745 Vir-

779 765 836 803 gil.
860 766 868 782 ‘
887 774 951 795 nec
984 766 1144 806 graminis
1172 766 1289 807 attigit
1316 767 1481 798 herbam.’

781 815 917 845 Gramen
936 821 1050 847 autem
1078 826 1139 856 pro
1162 822 1282 848 aestate
1311 817 1417 858 ponit,
1444 822 1483 848 ut

776 865 892 895 aristas
920 865 1010 896 idem
1043 866 1175 897 (livinus
1207 866 1328 907 poeta:
1367 868 1376 883 ‘
1396 867 1483 898 Post

777 915 906 955 aliquot
937 925 1011 945 mea
1052 925 1158 955 regna
1187 917 1307 947 videns
1334 917 1483 948 mirabor

776 964 922 994 aristas!
980 965 1036 995 Sic
1073 970 1108 995 et
1143 975 1252 996 messes
1280 964 1483 1006 frequenter

776 1014 901 1054 poe'tae.
928 1015 1026 1046 Idem.

823 1064 882 1094 Ter
906 1074 993 1094 senas
1021 1063 1144 1103 herbas]
1189 1064 1304 1096 Toties
1334 1069 1482 1096 renatas.

776 1114 893 1145 Barth.

820 1167 881 1195 148
927 1163 1099 1204 Massylus]

777 1215 874 1246 Idem.

821 1269 882 1297 149
907 1266 1173 1306 Hannibalemque
1187 1267 1304 1308 senem]
1332 1266 1480 1298 Vincen-

776 1315 818 1345 do
835 1325 960 1347 senem.
986 1317 1083 1347 Idem.

821 1369 879 1396 151
906 1366 1028 1396 Bruma
1041 1376 1079 1396 ne
1090 1367 1211 1405 longior
1225 1366 1302 1406 una]
1324 1366 1366 1396 In
1380 1366 1484 1398 Italia

777 1416 927 1456 quidem.
975 1417 1062 1447 Nam
1090 1417 1239 1458 alioquin
1263 1417 1398 1458 integro
1424 1418 1480 1448 tri·

777 1466 897 1496 cenn10
910 1472 1022 1506 partes
1035 1467 1180 1498 Graeciae
1194 1471 1344 1498 vastatas
1357 1466 1400 1498 ab
1411 1467 1482 1498 Go-

778 1515 840 1545 this
856 1514 975 1546 iisdem
993 1525 1071 1546 mox
1088 1516 1192 1555 dicet,
1207 1522 1411 1559 repetetque
1429 1527 1479 1550 Vl.

777 1565 876 1596 Cous,
893 1565 984 1596 Hon.
1010 1565 1104 1597 Idem.

821 1619 882 1647 152
911 1617 998 1647 Esset
1014 1616 1119 1657 hyems
1133 1617 1250 1656 rerum]
1286 1618 1379 1649 Male
1407 1619 1479 1651 haec

774 1666 875 1706 vulgo
888 1666 1156 1707 distinguuntur.
1181 1667 1236 1697 Sic
1249 1668 1364 1698 amoris
1375 1669 1480 1708 hyems

774 1717 864 1757 apud
883 1716 985 1749 Ovid.
1018 1718 1026 1733 ‘
1045 1717 1198 1747 Pessima
1225 1719 1345 1749 mutati
1372 1722 1480 1760 coepit

773 1769 895 1799 amoris
913 1768 1053 1808 hyems.5
1098 1769 1168 1799 Pro
1181 1769 1328 1800 messibus
1343 1771 1479 1811 plurimi

773 1824 908 1849 veteres
925 1819 1098 1855 mensibus,·
1122 1825 1214 1851 recte
1229 1831 1237 1851 z
1263 1822 1352 1862 quod
1370 1828 1406 1853 et
1422 1832 1479 1854 cu-

772 1869 816 1899 ris
832 1869 988 1900 secundis
1005 1869 1090 1900 vidit
1105 1870 1279 1902 Barthius.
1303 1872 1346 1902 D.
1364 1872 1477 1904 Heius.

820 1919 951 1959 Hyems]
972 1920 1173 1959 Tempestas
1190 1921 1280 1953 belli.
1304 1922 1423 1954 Barth.

815 1974 874 2001 155
906 1971 982 2001 Vilis
993 1981 1061 2001 cum
1073 1970 1257 2012 Spartacus]
1282 1972 1339 2003 Ob
1353 1973 1479 2014 gladia-

771 2021 892 2051 toriam
909 2027 1031 2060 artem,
1056 2022 1145 2062 quod
1175 2031 1280 2061 genus
1305 2023 1382 2054 vitae
1401 2034 1477 2055 auc-

771 2077 892 2102 toratae
917 2072 1221 2103 contemtissimum
1237 2073 1398 2105 Romanis
1409 2084 1478 2106 mo-

771 2123 872 2154 ribus.
898 2123 994 2154 Idem.

819 2173 900 2204 Vitis
914 2183 983 2204 cum
1003 2172 1185 2214 Spartacus]
1223 2173 1286 2204 Vile
1310 2179 1476 2216 excerpta

771 2224 939 2254 Vaticana
956 2224 1137 2264 Pomponii
1162 2225 1247 2255 Laeti
1263 2236 1271 2263 ;
1296 2230 1334 2256 ut
1350 2226 1392 2256 ad
1408 2225 1479 2257 fer-

773 2284 843 2304 rum
860 2279 895 2304 et
912 2275 1025 2314 iguem
1050 2274 1228 2306 referatur.
1274 2275 1402 2306 Eadem
1419 2286 1478 2307 ex-

772 2330 893 2365 cerpta
907 2324 1189 2365 p1·0ferro‚sm·t0:
1211 2335 1402 2367 perperam.
1428 2328 1475 2359 D.

772 2375 884 2406 Heius.

816 2430 878 2457 159
902 2426 1200 2467 Servilz'busarmz‘s]
1235 2428 1356 2459 Servos
1385 2429 1475 2460 enim

773 2478 814 2508 ad
832 2478 956 2518 pileum
974 2479 1119 2509 vocabat
1136 2480 1332 2520 Spartacus.
1357 2481 1474 2512 Barth.

817 2532 877 2560 162
903 2530 1075 2569 Ergastula
1088 2531 1186 2570 nobis,
1201 2531 1270 2571 asma]
1294 2532 1388 2562 Servi
1406 2542 1474 2562 nou

767 2579 847 2619 jure
873 2580 1032 2618 militant,
1058 2590 1171 2622 neque
1198 2581 1302 2612 infimi
1328 2591 1346 2612 e
1374 2581 1473 2622 plebe

774 2630 925 2661 Romana
951 2640 1009 2661 seu
1035 2631 1222 2671 proletarii,
1246 2632 1310 2662 nisi
1328 2632 1472 2662 tumultu

773 2681 895 2712 subito.
922 2682 1041 2713 Claver.

816 2733 876 2761 163
897 2731 1094 2768 Conjuranez's
1108 2731 1224 2771 arente]
1239 2730 1391 2770 Triginta
1409 2728 1474 2769 pri-

1147 1164 1308 1205 Numffla,
1346 1165 1480 1196 Poenus.
