1859 3148
374 183 487 225 1524

373 287 591 325 conficerent,
627 294 769 326 quarum
809 284 926 324 ingens
975 283 1073 323 copia

374 343 460 376 crat,
484 346 559 368 cum
583 336 706 376 ubique
735 335 887 374 gentium
911 334 933 364 ii
957 334 1072 364 adora-

372 392 500 419 rentur.
532 386 645 418 Barth.

416 441 476 468 177
503 435 639 472 Quantis
651 435 787 475 fluerent
795 433 979 470 fornacibus
993 433 1071 473 oera]

373 488 427 518 Sic
457 487 546 517 idem
581 484 830 524 Raphelengius
862 494 937 514 cum
970 493 1071 514 manu

371 537 521 569 exaratis
537 535 718 576 plerisque,
744 543 782 563 ac
811 533 927 573 primis
950 533 1072 563 editio-

371 587 489 625 nibus;
513 586 619 616 bene:
654 593 715 613 nec
743 583 838 624 carpi
865 593 884 613 a
911 583 962 613 Cl.
988 583 1072 613 Bar-

371 637 441 669 thio
457 637 518 667 hac
542 635 584 665 de
602 643 702 664 causa
728 634 817 664 curis
834 633 999 673 prioribus
1016 633 1073 664 de-

371 689 457 721 buit.
493 687 654 723 Rutilius,
682 685 742 716 lib.
771 693 793 715 1.
818 684 940 714 Itiner.
965 684 974 700 ⁴
993 684 1070 714 Non

370 739 507 770 Biturix
530 739 626 777 largo
648 736 762 776 potior
784 735 948 765 strictura
972 734 1071 764 cami-

369 799 425 828 n0‚
444 789 519 820 Nec
546 797 622 828 quae
649 785 778 816 Sardoo
805 783 934 823 cespite
965 792 1072 812 massa

369 839 469 870 ssuit.’
494 839 541 869 sic
567 839 632 867 ista
659 833 838 875 capienda,
864 844 939 874 qum
970 834 1073 864 inter-

370 893 487 929 pretes
500 886 644 917 assecuti
660 894 725 915 non
744 887 833 914 sunt.
870 883 958 913 Vide
976 889 1072 914 notas

368 939 428 969 lib.
445 947 467 970 ι.
484 937 526 968 de
544 937 649 976 Rapt.
667 938 740 965 241.
770 935 816 964 D.
839 934 948 964 Heius.

412 991 474 1020 179
511 987 590 1022 Quae
618 995 678 1016 non
713 994 769 1024 pro
804 983 929 1014 numine
957 984 1072 1024 vultus]

369 1040 483 1072 Instar
506 1035 751 1075 beneficorum,
775 1034 832 1075 qui
859 1033 982 1065 divinis
1004 1035 1070 1065 cul-

367 1090 458 1122 tibus
474 1089 571 1120 eulti.
598 1086 715 1118 Barth.

412 1143 474 1172 180
510 1139 616 1170 Talem
639 1137 671 1168 ni
696 1145 814 1176 semper
840 1135 981 1166 honorem
1009 1136 1070 1166 Rc-

367 1188 505 1231 spueres]
521 1188 688 1227 Exemplo
702 1185 854 1226 Agesilai
872 1185 962 1225 apud
975 1185 1072 1216 Grae-

367 1239 511 1280 cos‚qui
539 1237 685 1268 moriens
712 1236 815 1267 etiam
842 1235 945 1266 talem
967 1235 1070 1265 hono-

367 1300 438 1322 rem
453 1289 515 1320 sibi
530 1287 647 1319 haberi
664 1286 786 1318 vetuit.
821 1286 918 1316 Idem.

411 1343 470 1371 181
498 1336 631 1378 Rapiat]
655 1336 801 1376 Cupide,
817 1339 853 1365 et
881 1333 1069 1364 ambitiose.

367 1390 470 1469 Ιαῖἔέ
499 1435 562 1467 llic
587 1435 669 1465 solus
692 1433 840 1473 sprevisse
852 1432 969 1472 potest]
994 1431 1068 1463 Imo

367 1489 438 1520 Hoc
464 1496 539 1518 cum
563 1485 670 1516 libris.
709 1484 828 1515 Tuetur
849 1492 911 1523 pro
934 1485 1069 1513 meretur

365 1539 548 1571 Helmaest.
571 1537 616 1567 D.
632 1534 746 1566 Heins.

409 1588 569 1629 Sprevisse
599 1587 713 1625 potest,
743 1583 795 1623 qui
815 1582 889 1621 jure
917 1582 1066 1621 meretur]

365 1638 520 1671 Alterius
535 1635 625 1666 enim
641 1634 787 1665 animum
811 1642 877 1662 non
904 1632 1067 1663 subiverit

366 1694 460 1721 tanta
477 1686 699 1728 generositas.
734 1684 865 1715 Auctor
881 1683 915 1714 in
932 1683 1066 1714 Funere

364 1737 588 1770 Maecenatis:
626 1736 634 1752 ‘
655 1734 768 1774 Majus
805 1737 879 1764 erat
916 1732 1065 1772 potuisse

364 1789 427 1821 tibi
451 1797 515 1819 nec
538 1786 626 1818 velle
654 1784 853 1825 triumphos,
876 1783 988 1824 Major
1011 1792 1065 1813 res

363 1839 492 1880 magnis
507 1837 710 1868 abstinuisse
728 1833 814 1865 fuit!
849 1833 965 1864 Barth.

407 1891 468 1919 184
501 1887 645 1927 Undique
669 1885 765 1925 legati
792 1883 976 1924 properant]
1010 1882 1065 1914 Ad

364 1938 596 1975 Stilichonem,
628 1934 771 1975 Imperii
803 1932 1065 1964 Administrato-

363 1998 445 2020 rem.
488 1989 571 2028 Ejus
588 1987 677 2018 enim
694 1985 850 2027 potentia
868 1989 964 2016 tanta
979 1989 1065 2023 erat,

363 2045 400 2071 ut
422 2039 518 2070 nutui
533 2038 810 2077 obtemperantes
832 2034 973 2066 haberet
996 2039 1064 2065 tam

362 2091 533 2122 Romanos
551 2098 650 2129 quam
668 2087 850 2118 Barbaros.
882 2085 978 2116 Idem.

406 2143 466 2171 185
494 2140 531 2170 In
556 2142 610 2169 tua
634 2140 776 2168 centenas
794 2135 918 2176 aptant]
944 2136 1063 2175 Optant

361 2191 500 2222 Delrins
526 2194 560 2219 et
591 2189 750 2219 schottus
780 2197 822 2217 ex
849 2186 917 2216 suis
946 2186 1063 2226 libris;

360 2240 450 2282 quod
469 2238 617 2270 etmulti
637 2248 678 2268 ex
704 2237 828 2268 nostris
850 2235 1062 2267 confirmant.

362 2291 457 2322 Nihil
492 2290 598 2329 inagis
629 2289 767 2319 obvium
806 2288 897 2328 apud
934 2288 1062 2328 poetas,

361 2349 459 2382 quam
490 2345 527 2370 ut
553 2338 725 2369 laudaturi
752 2338 899 2378 aliquem
926 2343 1061 2369 centum

360 2395 418 2421 aut
442 2390 533 2421 mille
554 2390 685 2429 linguas
700 2392 833 2428 optent.
878 2389 947 2419 Pro
963 2388 1062 2418 milite

360 2450 438 2472 mox
461 2444 554 2471 recte
579 2439 678 2470 limile
706 2438 978 2478 Raphelengius:
1005 2448 1060 2468 co-

361 2489 452 2522 dices
468 2489 587 2530 scripti
604 2488 818 2519 confirmant.
862 2489 918 2518 Sic
936 2488 968 2518 in
987 2487 1061 2518 His-

361 2539 447 2571 toria
463 2538 620 2579 Augnsta
640 2539 776 2579 passim,
790 2539 877 2568 limes
893 2537 1060 2568 Transrhe-

359 2599 469 2630 nanas,
495 2589 677 2627 Orientalis,
715 2588 890 2630 Scythicus,
915 2587 1060 2628 Libycus,

360 2639 574 2680 Illyric-ianus,
590 2639 752 2679 Thracius,
776 2638 949 2676 Rhamma,
969 2637 1060 2675 Afri-

359 2699 465 2728 canus,
486 2693 521 2720 ct
540 2690 682 2720 similia:
706 2689 793 2720 limes
815 2688 987 2729 Hesperius
1009 2697 1058 2719 ιν.

361 2739 547 2772 Consulatu
575 2740 705 2772 Honor.
736 2741 809 2770 129.
848 2748 890 2769 ex
923 2737 1059 2779 optimis

588 187 730 223 NOTAE
765 190 1026 220 VARJORUM
1062 189 1112 219 lN
1149 189 1221 218 CL.
1255 187 1437 218 CLAUD.
1471 187 1605 217 XXII.

1124 282 1337 313 membranis.
1372 282 1418 312 D.
1436 281 1547 311 Heius.

1169 335 1229 363 186
1255 332 1371 362 Limite
1393 335 1478 362 tutus
1506 328 1633 368 inermi]
1658 327 1740 359 Noti
1765 337 1823 360 ex-

1124 383 1249 413 ercitus
1269 382 1311 413 ad
1339 383 1464 413 limites
1490 379 1724 411 rebellantium
1743 387 1826 419 gen-

1123 433 1218 463 tium.
1248 433 1362 464 Barth.

1169 485 1225 512 187
1265 483 1408 513 Culmina
1440 483 1514 512 lotis
1554 480 1699 521 Jhlzficet
1729 479 1824 520 ripis]

1127 531 1228 562 Tectis
1253 532 1359 562 Delrii
1390 532 1477 561 liber
1504 537 1539 561 et
1569 541 1654 561 nnus
1682 529 1826 561 Ambro-

1123 581 1245 613 sianus.
1278 582 1474 613 Pru-manus
1492 582 1582 612 notis.
1618 583 1709 621 Lego
1726 581 1825 611 tntis:

1124 631 1165 661 ab
1189 631 1302 662 hostili
1319 632 1449 663 scilicet
1466 633 1600 662 incursu
1616 642 1622 661 :
1649 641 1750 670 supra
1768 631 1825 661 ha-

1123 680 1273 712 buimus:
1311 683 1319 698 ‘
1336 683 1424 712 Tura
1448 682 1536 722 qnod
1568 682 1737 712 imbellem
1764 680 1825 711 mi-

1123 735 1217 760 ratur
1234 732 1345 762 Gallia
1362 732 1540 763 Rhenum.'
1581 733 1624 763 D.
1642 732 1755 762 Heius.

1167 783 1228 810 188
1251 781 1371 811 Saecnm
1394 782 1539 819 gentibus
1563 782 1696 820 amnem]
1731 782 1823 812 Rhe-

1123 838 1201 859 num
1219 830 1322 861 dicit:
1348 831 1445 871 cujus
1461 832 1592 861 accolas
1610 841 1670 870 pro
1689 832 1824 863 invictis

1125 879 1284 910 Romana·
1310 880 1358 911 rei
1385 881 1539 911 hostibus
1562 891 1696 921 semper
1717 882 1822 913 inore

1122 929 1233 960 habet.
1272 930 1435 969 Gentibus,
1459 931 1550 971 quod
1576 931 1707 961 infinita
1724 941 1822 963 voca-

1121 980 1199 1010 bula
1220 980 1287 1011 sint
1304 981 1533 1011 Barbararum
1559 981 1724 1020 gentium,
1747 991 1823 1022 quae

1121 1040 1163 1060 ex
1190 1030 1255 1060 illis
1285 1031 1437 1071 partibus
1464 1030 1670 1061 infestarunt
1701 1032 1824 1062 Roma·

1122 1089 1195 1111 nos.
1234 1081 1350 1111 Barth.

1165 1133 1227 1162 189
1264 1131 1416 1162 Domibns
1450 1131 1590 1170 amanis]
1635 1129 1825 1171 Praetoriis,

1121 1181 1327 1212 amoenitatis
1349 1191 1430 1221 ergo
1455 1181 1536 1221 ripis
1564 1181 1672 1211 Rheni
1688 1181 1825 1221 imposi-

1121 1231 1175 1263 tis.
1208 1232 1304 1262 Idem.

1164 1282 1316 1312 I'roevelet
1342 1281 1483 1321 amoenis]
1509 1282 1675 1312 Proerallet
1702 1280 1822 1322 scripti

1119 1330 1270 1370 aliquot:
1297 1332 1411 1370 probe.
1452 1332 1498 1361 D.
1516 1331 1627 1362 Heius.

1165 1384 1225 1411 190
1249 1381 1338 1411 Rura
1365 1384 1497 1421 tyranno
1528 1381 1655 1421 Libera]
1704 1380 1821 1412 Gildo·

1119 1441 1194 1462 nem
1212 1442 1305 1462 suum
1320 1432 1494 1472 intelligit.
1532 1433 1648 1463 Barth.

1164 1485 1222 1513 191
1250 1482 1431 1522 Obsidione]
1454 1491 1531 1513 xxx
1556 1493 1731 1519 annorum,
1756 1491 1822 1525 qua

1117 1542 1253 1573 pressus
1268 1532 1379 1564 fuerat
1398 1534 1440 1563 ab
1459 1532 1605 1563 Alarico.
1638 1533 1735 1565 Idem.

1162 1586 1222 1614 192
1260 1583 1351 1623 Sari]
1402 1584 1513 1614 Fluvii
1554 1584 1821 1623 Pannoniarum,

1116 1635 1213 1673 cujus
1241 1643 1363 1665 nomen
1391 1635 1507 1674 inepte
1536 1634 1588 1664 hic
1614 1634 1754 1665 turbant
1778 1634 1817 1665 li-

1116 1685 1181 1715 bri.
1216 1684 1313 1716 Idem.

1159 1737 1221 1766 194
1256 1735 1378 1773 Nigrus
1404 1733 1549 1772 rubigine
1568 1733 1687 1775 falces]
1721 1734 1818 1765 Unus

1116 1784 1211 1816 Med.
1227 1784 1358 1815 rubrus:
1379 1784 1488 1815 rubeas
1515 1794 1574 1824 pro
1598 1784 1730 1814 diversa
1752 1785 1818 1815 lec-

1115 1835 1208 1865 tione
1239 1835 1366 1875 primus
1392 1833 1590 1864 Vaticanus.
1627 1834 1729 1864 Forte
1751 1844 1817 1866 sca-

1115 1883 1186 1914 bras
1214 1884 1356 1923 rubigine
1372 1883 1493 1921 sulcen
1525 1883 1614 1923 quod
1641 1884 1816 1923 proprium

1115 1934 1260 1974 rubigini
1288 1934 1485 1973 epitheton:
1521 1939 1633 1965 tamen
1665 1935 1817 1965 Lucanus

1115 1983 1202 2014 dixit
1230 1984 1286 2016 lib.
1316 1991 1340 2014 1.
1381 1983 1539 2013 ‘scabros
1572 1983 1675 2021 nigrae
1703 1992 1816 2014 morsu

1115 2034 1277 2073 rubiginis
1293 2033 1413 2064 enses.’
1441 2034 1496 2064 Sic
1511 2039 1544 2064 et
1561 2033 1718 2064 obscurum
1733 2034 1816 2065 rubi-

1110 2083 1218 2123 ginem
1247 2084 1463 2123 Propertius,
1496 2084 1551 2114 lib.
1582 2093 1621 2114 11.
1648 2084 1815 2124 Eleg.25.

1113 2135 1122 2151 ‘
1138 2134 1205 2165 Sed
1225 2139 1336 2165 tamen
1360 2135 1504 2165 obscura
1521 2135 1643 2165 teritur
1660 2134 1815 2175 rubigine

1113 2195 1228 2215 mucro
1245 2185 1413 2217 Ferreus.'
1448 2185 1501 2215 lta
1515 2184 1651 2215 codices
1666 2185 1816 2217 nonnulli

1113 2235 1232 2275 scripti
1257 2245 1331 2266 cum
1363 2235 1477 2275 primis
1503 2234 1730 2271 editionibus;
1752 2235 1817 2267 nisi

1113 2286 1218 2316 mavis
1234 2286 1286 2316 sed
1302 2289 1404 2315 tumen
1419 2288 1446 2315 et
1463 2284 1578 2314 scabra.
1616 2285 1707 2314 Naso
1723 2285 1814 2317 enim

1113 2337 1198 2367 libro
1225 2345 1249 2366 1.
1271 2336 1367 2375 Eleg.
1392 2338 1421 2366 1.
1451 2335 1551 2365 Pont.
1575 2337 1583 2351 ‘
1603 2335 1748 2365 Roditur
1774 2340 1814 2367 ut

1112 2387 1233 2417 scabra
1267 2387 1411 2426 positum
1462 2385 1613 2425 rubigine
1648 2384 1814 2417 ferrum?

1110 2437 1199 2477 apud
1222 2436 1366 2467 eundem
1395 2437 1534 2467 Metam.
1569 2444 1647 2466 vin.
1677 2435 1814 2467 ‘scabri

1110 2487 1268 2527 rubigine
1303 2485 1452 2517 dentes?
1492 2485 1580 2525 apud
1611 2486 1810 2518 Maronem:

1109 2541 1117 2555 ‘
1137 2539 1245 2569 Excsa
1267 2537 1416 2568 inveniet
1436 2536 1555 2567 scabra
1580 2536 1734 2575 rubigine
1760 2541 1810 2567 te-

1111 2587 1174 2618 la2’
1220 2586 1429 2617 Prudentius
1466 2586 1710 2626 Psyrhomach.
1739 2586 1810 2618 ‘ne

1109 2637 1207 2668 sorde
1225 2639 1342 2668 latenti
1362 2638 1521 2676 Occupet
1545 2636 1699 2666 ablutum
1720 2634 1811 2667 rubi-

1110 2699 1153 2728 go
1175 2688 1296 2719 scabra
1324 2687 1504 2718 nitorcmz'
1537 2687 1624 2716 idem
1654 2686 1740 2717 libro
1767 2694 1810 2717 11.

1109 2744 1228 2770 contra
1243 2738 1430 2778 Symmach.
1451 2737 1591 2768 ‘scabra
1613 2742 1670 2768 aut
1693 2744 1808 2777 aerngo
