1763 3116
541 144 668 180 LAUS
700 136 924 173 SERENAE.

7 258 216 298 Bartliioquc
234 253 341 285 visum
354 257 428 281 cum
445 243 563 276 eodem
580 241 710 272 Lucen-

10 313 37 344 si
56 321 94 342 ac
111 307 240 339 1111011113
268 299 384 334 Medd.

9 363 147 402 Imperat
165 357 214 387 hic
236 347 376 391 semper?
407 345 494 376 male
519 341 619 379 vulgo
644 337 712 367 dis-

12 412 183 451 tinguunt.
229 399 385 434 Barthius
417 393 508 426 curis
536 387 710 420 secundis:

14 462 77 498 Qui
101 468 147 490 me
173 457 209 486 de
230 449 365 492 propriis
390 444 514 482 auferre
536 437 713 480 penatibus,

13 510 129 551 inquis,
145 497 305 544 Imperat!
321 493 521 535 Augurium,
533 488 623 532 quod
642 487 715 518 sub-

14 559 154 595 indicat,
183 558 234 584 est
261 551 293 581 ’111
312 543 486 588 imperandi
514 539 629 571 verbo.
668 538 715 568 D.

12 609 124 642 Heius.

78 657 158 694 Quis
188 663 234 685 me
262 652 298 682 de
338 645 473 689 propriis
507 640 632 679 auferre
666 647 717 677 pe-

13 707 152 747 natibus]
190 705 389 735 Sermonem
415 693 553 726 infantis
580 692 718 721 Serenae

16 760 188 793 recenset,
204 753 261 794 qui
278 748 471 782 balbutiens
488 742 599 774 omina
616 738 719 769 dede-

15 811 59 842 rit
75 806 180 839 futuri
210 805 241 834 iu
268 809 368 832 manu
394 794 514 828 Patrui
540 787 721 823 Theodosii

16 857 172 900 Imperii.
235 852 386 892 Imperat,
428 842 612 885 Imperiale
649 847 722 869 ver-

17 913 122 943 bum:
163 907 318 944 Imperat
357 901 427 938 illc,
457 896 514 937 qui
545 903 598 924 me
621 891 723 932 jubet

16 958 204 993 transferre
223 955 265 984 de
282 949 431 993 propriis
449 943 644 986 penatibus.
668 941 724 970 In·

14 1010 121 1043 famia
151 1008 291 1045 linguae,
316 1006 351 1031 et
383 1006 479 1029 error
507 995 541 1025 in
567 993 630 1023 hoc
656 999 724 1021 ser-

15 1070 114 1094 mone
131 1061 221 1093 sunt,
246 1050 393 1092 alioquin
418 1045 550 1079 nullibi.
600 1040 726 1081 Proprii

12 1114 153 1155 penates,
183 1108 307 1148 privata
334 1104 451 1133 domus.
498 1094 599 1127 Unde
623 1092 726 1131 adop-

18 1163 110 1195 tione
149 1160 309 1190 Serenam
348 1153 382 1183 in
414 1149 604 1188 Augustam
634 1151 726 1173 snam

20 1216 97 1254 post
115 1206 295 1241 transtulit
310 1199 535 1234 Theodosius.
559 1195 728 1234 Imperare,

23 1266 217 1304 Augustum
234 1266 321 1289 csse.
344 1252 461 1285 Barth.

66 1317 128 1346 106
154 1308 302 1350 Propius]
325 1302 488 1336 Fidelius.
514 1299 609 1329 Idem.

67 1367 129 1396 108
144 1362 272 1393 Leda‘os
283 1352 434 1391 Laconas]
450 1352 620 1381 Castoras.
634 1345 730 1376 Idem.

67 1411 223 1447 Dei-inxit
238 1418 311 1440 cura
327 1401 478 1440 Lacones]
496 1397 617 1431 Dilexit
630 1395 730 1436 prim.

22 1465 135 1497 Vatic.
165 1466 200 1492 et
239 1459 306 1489 duo
338 1455 405 1486 alii.
450 1450 562 1481 Carior
590 1448 732 1478 Lucens.

24 1517 163 1548 Laconas
178 1511 286 1541 Tuan.
311 1507 354 1538 D.
374 1503 487 1535 Heius.

71 1567 131 1596 109
168 1561 331 1591 Germana
362 1550 521 1590 vocabula]
567 1544 733 1580 Germani

31 1615 95 1654 sui,
112 1609 268 1645 Honorii.
293 1605 410 1638 Barth.

71 1667 131 1697 111
159 1659 302 1699 Electus]
339 1657 369 1688 A
399 1652 580 1689 Gratiano,
609 1657 675 1679 non
701 1645 734 1676 vi

29 1721 89 1749 aut
106 1715 191 1745 dolis
210 1722 245 1743 se
263 1707 452 1741 intrudens.
477 1704 578 1734 Idem.

96 1766 243 1797 Delectus
290 1756 439 1796 habenas]
497 1754 622 1784 Electus
672 1747 736 1789 pri.

29 1817 143 1848 Vatic.
158 1813 256 1844 multi
273 1810 341 1849 alii,
355 1810 464 1839 elutus.
509 1803 593 1835 Dixi
611 1800 653 1831 ad
670 1799 738 1829 Va-

30 1870 106 1902 lerii
122 1866 235 1898 Flacci
252 1865 273 1896 l.
295 1872 335 1894 ιι.
348 1863 423 1892 270.
458 1855 596 1888 Deinde
614 1862 675 1894 pro
690 1851 739 1882 in-

32 1921 132 1952 tendit
149 1915 268 1957 scripti
294 1914 382 1944 bene
400 1908 570 1950 impendit.-
608 1902 667 1935 sed
693 1901 739 1932 al-

36 1975 146 2002 terum
164 1972 276 1998 tamen
298 1964 331 1994 in
358 1962 454 2003 prim.
484 1956 596 1988 Vatic.
613 1955 739 1985 exstat.

35 2019 154 2052 Infra:
194 2019 203 2034 ‘
232 2015 348 2047 Stilico
376 2009 507 2043 cunctis
537 2002 740 2038 cedentibus

38 2081 122 2103 uuus
137 2068 283 2107 Eligitur
301 2062 442 2095 ductor.’
467 2061 510 2091 D.
528 2058 640 2089 Heius.

81 2123 141 2152 114
166 2119 271 2149 Littus
286 2117 325 2146 ad
352 2111 465 2150 Eoum]
502 2106 742 2140 Constantino-

38 2172 143 2214 polim
161 2168 258 2205 dicit,
275 2175 375 2207 qnam
393 2163 424 2193 in
443 2163 560 2192 littore
573 2158 670 2189 sitam
689 2165 744 2196 ge-

40 2223 132 2254 mino
157 2218 282 2251 mundo
300 2213 502 2247 commercia
518 2210 632 2241 facere
649 2206 745 2237 dicit.

42 2273 161 2305 Barth.

86 2326 145 2354 115
185 2319 323 2361 Zephyri
361 2313 496 2353 sedibus]
543 2308 747 2343 Occidente.

45 2372 213 2403 Ovidius:
248 2371 257 2386 ‘
274 2370 420 2408 Vesper,
442 2371 477 2396 ct
506 2361 648 2393 occiduo
672 2367 747 2399 qum

44 2425 161 2454 littora
175 2422 251 2452 Sole
278 2421 473 2460 tepescunt,
492 2411 656 2445 Proxima
671 2411 750 2440 sunt

49 2472 229 2513 Zephyro!
257 2471 352 2501 Idem.

91 2527 154 2555 110
179 2520 337 2559 Famulus]
376 2518 560 2558 Adoptatee
592 2510 751 2544 nimirum
801 2499 917 2532 Barth·

57 2575 99 2605 ab
116 2573 281 2611 Angusto.
310 2570 403 2599 Idem.

96 2626 156 2655 120
179 2619 280 2658 Juga]
305 2617 470 2658 Conjugii.
496 2616 590 2645 Idem.

97 2675 155 2704 121
187 2671 323 2708 Utraque
350 2666 514 2697 luminibus
542 2662 685 2693 timidum
701 2660 755 2690 mi-

50 2723 119 2763 cat]
154 2720 318 2753 Tumidum
336 2723 468 2756 septem
495 2713 596 2749 11111”1;
621 2712 756 2750 elegan-

53 2779 127 2806 ter:
165 2771 295 2802 dietum
322 2767 378 2798 lib.
406 2775 444 2797 11.
467 2765 500 2795 ’111
525 2761 658 2794 Stilicli.
683 2763 759 2791 358.

1350 112 1462 156 1607

762 234 848 264 Post
870 230 997 271 pulchro
1021 235 1072 257 ore
1097 223 1196 265 prim.
1219 219 1381 250 Vatican.
1398 225 1465 249 uon

432 296 559 326 Postea
575 289 647 330 quid
664 297 710 318 me
760 279 1022 325 pulchrasfaces:
1047 275 1160 316 probe.
1185 271 1228 302 D.
1246 269 1359 299 IIeins.

810 333 966 365 Timidum
1004 325 1114 364 micat]
1162 323 1296 354 Timore
1335 322 1371 349 et
1408 327 1467 357 pu-

765 386 845 417 dore
870 379 1140 416 modestissimae,
1164 375 1288 414 vixque
1312 368 1468 402 audentis

766 441 883 468 contra
900 432 987 465 tucri
1005 430 1163 470 aliquem.
1188 423 1307 456 Barth.

810 490 870 519 122
898 483 1029 516 Excitat
1046 490 1097 511 ore
1114 475 1218 517 faces]
1249 471 1398 505 Pudoris
1414 478 1471 501 co-

766 541 839 571 lore
857 535 1013 574 genuino.
1040 532 1137 562 Idem.

813 590 871 619 123
890 586 960 616 Solo
975 581 1068 621 Jove]
1092 581 1141 611 Ex
1155 575 1300 608 cerebro
1315 570 1471 604 nimirum

767 640 870 676 illius,
884 633 1052 667 Vulcania
1068 629 1187 661 securi.
1211 627 1307 657 Idem.

812 691 875 719 124
892 684 1028 724 Sortem]
1051 682 1191 712 Partem
1208 675 1329 707 sortito
1346 671 1473 702 datam.

772 740 869 771 Idem.

816 792 876 820 125
906 787 1040 817 Gressus
1064 777 1226 817 venerata]
1270 771 1417 806 Humani
1441 779 1475 800 a-

772 840 875 872 moris
891 846 994 873 morc,
1011 833 1065 865 cui
1081 831 1183 863 etiam
1209 834 1342 868 gressus
1357 821 1474 854 amasi-

773 900 868 922 orum
885 886 1050 919 arrident.
1078 883 1174 913 Idem.

818 941 881 970 120
904 932 1079 975 Improbus]
1104 928 1274 961 Lascivus.
1300 925 1400 955 Idem.

818 991 879 1020 127
906 987 1046 1023 Tangere
1065 975 1269 1020 (Iymotho'en]
1294 973 1405 1013 Hujus
1423 979 1478 1001 ve-

774 1039 868 1070 natio
897 1032 1060 1067 amatoria
1089 1028 1242 1066 tangitur
1264 1028 1300 1054 et
1321 1023 1407 1053 libro
1435 1021 1478 1050 de

774 1087 915 1129 Nuptiis
941 1080 1098 1115 Honorii.
1143 1078 1296 1115 Tangere,
1317 1073 1481 1109 inescare,

776 1139 944 1178 decipere.
992 1133 1131 1170 Tangere
1158 1125 1306 1165 alioquin
1330 1126 1365 1153 et
1392 1121 1481 1152 inter

775 1188 919 1221 Veneris
951 1184 1068 1222 verba,
1108 1176 1286 1216 Petronio,
1316 1171 1482 1210 Martiali,

777 1243 839 1272 Sec.
866 1239 965 1269 Idem.

822 1293 884 1321 123
909 1285 1036 1318 Inducit
1052 1279 1165 1320 mores]
1186 1275 1313 1318 Scripti
1326 1274 1397 1305 fere
1415 1282 1483 1303 om-

781 1350 841 1372 nes
860 1337 1001 1371 Indicit5
1034 1337 1150 1368 rcete3
1185 1334 1224 1359 nt
1251 1326 1365 1358 monui
1394 1324 1484 1354 bello

781 1389 940 1422 Gi1d.1o.
982 1383 1094 1415 Malim
1120 1380 1222 1411 etiam
1239 1377 1371 1416 totique.-
1393 1372 1485 1414 apud

782 1438 1010 1473 Ammianum,
1048 1433 1107 1463 lib.
1140 1438 1215 1461 ΧΠ.
1251 1427 1294 1457 de
1322 1425 1484 1458 Juliano:

782 1492 790 1507 ‘
807 1484 1084 1528 Temperantiam
1102 1480 1167 1511 sibi
1188 1478 1251 1519 ipsi
1268 1475 1392 1507 indixit
1406 1473 1425 1504 :’
1451 1476 1487 1503 et

783 1539 882 1570 initio
900 1538 920 1568 l.
937 1543 1029 1566 xvu.
1042 1532 1084 1562 (le
1101 1529 1240 1560 eodem:
1275 1528 1283 1543 ‘
1304 1526 1378 1565 plus
1395 1523 1487 1554 labo-

784 1591 830 1621 ris
849 1588 912 1620 sibi
930 1594 1028 1628 quam
1051 1580 1214 1613 militibus
1242 1574 1416 1608 indicere.'
1442 1574 1486 1604 D.

786 1641 899 1672 Heius.

822 1687 944 1727 Pudor]
957 1681 1165 1717 Reverentia
1176 1676 1312 1718 majoris
1322 1684 1487 1716 personae.

830 1741 963 1781 Ipsaque
993 1736 1123 1766 Proteus
1150 1726 1299 1766 monstra]
1343 1726 1491 1756 Proteus

786 1793 914 1823 Pastor
941 1785 1152 1818 Marinorum
1180 1780 1424 1813 Mousti-orum,
1441 1774 1492 1804 sni

787 1841 944 1873 nimirum
959 1833 1116 1868 armenti.
1151 1828 1335 1862 Horatius:
1357 1826 1492 1855 ‘Omne

789 1903 864 1925 cum
883 1891 1029 1921 Proteus
1048 1892 1151 1925 pecus
1173 1880 1243 1920 egit
1269 1880 1354 1909 altos
1374 1876 1492 1906 Visere

790 1940 946 1976 montes!
975 1936 1091 1969 Barth.

834 1996 896 2025 130
922 1985 1082 2024 Parentis]
1112 1982 1174 2015 Cui
1191 1982 1289 2012 eraut
1306 1977 1494 2017 adoptatae.

792 2046 888 2076 Idem.

836 2096 897 2125 1:33
938 2088 1026 2128 Ibat]
1074 2087 1141 2116 Sua
1171 2086 1291 2123 sponte
1322 2077 1497 2110 inclinata.

795 2146 893 2176 Idem.

840 2197 898 2225 135
930 2191 1098 2229 Flagraute
1113 2183 1244 2223 rediret]
1284 2179 1417 2212 Redibat
1433 2187 1501 2209 me-

795 2248 907 2278 liores.
932 2243 975 2274 D.
997 2240 1104 2271 [luins.

842 2299 903 2326 1:38
930 2292 1052 2323 lsslaudo
1082 2284 1232 2324 sermone]
1270 2283 1347 2313 Hoc
1378 2288 1501 2320 genere

799 2346 943 2379 valuisse
978 2343 1138 2373 Serenam
1179 2335 1310 2366 indicat
1346 2329 1504 2364 Historia

801 2397 936 2430 Zosimi.
961 2392 1077 2425 Barth.

844 2451 906 2481 139
932 2442 1078 2483 Hoerere]
1126 2440 1237 2478 Stare,
1273 2433 1505 2476 acquiescere.

846 2550 974 2580 Secreta
1001 2543 1124 2587 fidelis]
1175 2538 1280 2572 fideli
1309 2536 1505 2566 constanter

804 2600 935 2641 scripti,
959 2602 996 2628 ut
1014 2596 1180 2636 appareat
1204 2597 1336 2620 versum
1351 2586 1507 2616 alterum-

805 2662 870 2693 que
887 2647 1069 2680 excidisse.
1094 2645 1138 2675 D.
1156 2641 1270 2672 Heius.

850 2704 912 2733 1-10
941 2697 1066 2735 Prisca]
1105 2693 1223 2728 Digna
1261 2685 1356 2718 senili
1392 2685 1508 2713 aetate.

810 2752 996 2791 Antiquom
1011 2751 1046 2778 et
1064 2748 1213 2776 veterem
1229 2748 1290 2780 pro
1307 2742 1387 2767 sene
1404 2736 1439 2764 et
1454 2741 1512 2763 an-
