1859 3148
315 151 428 193 1764
754 150 1006 185 REGENSUS
1045 149 1322 180 murionum

317 435 611 490 11ἿΑΠῚῚΟΝΕς
646 441 797 482 sacculi
823 451 905 481 xv,
929 441 1038 481 satis
1064 443 1221 480 exacte
1258 444 1301 479 et
1335 438 1526 491 copiose,
1562 439 1610 476 ut
1642 435 1767 476 nobis

315 513 496 558 videtur,
510 510 603 563 jam
625 508 960 549 denarravcrunt
978 507 1203 561 Bipontini
1221 521 1230 557 3
1273 506 1376 545 nihil
1397 505 1551 545 saltem
1575 517 1600 544 a
1620 506 1769 543 nostra

314 579 617 632 qualicumque
652 589 784 629 opera
818 575 1191 628 suppeditandum
1226 579 1385 613 manet.
1449 572 1580 621 Quod
1603 571 1656 611 ad
1692 569 1767 610 Al-

315 646 439 685 dinas
477 644 692 684 editiones
730 649 920 696 spectat,
954 642 1104 682 soeculi
1140 651 1244 680 xil.
1276 652 1432 691 nempe
1458 638 1612 678 Yenct.
1636 637 1765 677 1523.

314 712 442 760 duas,
466 713 506 751 ni
531 711 734 759 fallimur,
763 713 1116 757 commemorant,
1144 708 1297 748 Venet.
1331 706 1428 746 Svo.
1451 704 1576 745 1523.
1599 709 1643 744 et
1663 704 1768 743 ibid.

314 782 354 818 et
373 778 527 818 eodem
559 790 669 818 anno
700 778 786 817 410.
821 777 874 816 dc
908 777 1066 829 quibus
1100 773 1203 815 audi
1234 773 1339 813 Ant.
1364 771 1476 825 Aug.
1502 769 1766 811 Renouard:

313 846 326 865 ‘
350 844 562 885 Heinsius
593 844 701 884 dans
732 844 774 884 la
802 843 979 896 pref-ace
1018 842 1070 882 de
1101 842 1143 882 la
1176 841 1323 881 sienne
1360 840 1412 880 de
1443 838 1570 881 1665.
1594 851 1648 879 en
1669 838 1769 879 Svo.

315 911 381 953 dit
410 913 534 953 s'etre
557 914 672 953 servi
695 912 747 951 de
770 911 886 951 deux
909 911 1096 950 editions
1118 908 1319 957 Aldines,
1351 906 1514 948 Aldina
1532 906 1667 959 prior,
1691 905 1772 946 Al-

313 980 419 1021 dina
439 980 664 1033 posterior.
722 978 783 1019 Ce
806 978 937 1018 seroit
956 977 1076 1017 deux
1099 976 1291 1017 cditions
1313 987 1416 1014 sous
1435 974 1477 1014 la
1491 973 1631 1013 meme
1650 973 1769 1014 date.

313 1046 403 1088 J’ai
437 1047 679 1100 cependant
711 1045 913 1086 examine
948 1044 973 1085 a
1009 1045 1178 1085 dessein
1203 1043 1426 1096 plusieurs
1461 1041 1772 1093 excmplaircs,

315 1127 416 1156 sans
438 1115 624 1167 pouvoir
646 1118 815 1154 trouver
836 1112 940 1153 cntr’
958 1126 1040 1152 eux
1063 1125 1229 1152 aucune
1253 1108 1509 1150 diss‘erence.’

372 1181 513 1221 Varia
535 1180 767 1220 Claudiani
803 1179 1007 1231 poemata
1036 1178 1211 1218 Runico
1234 1189 1365 1216 versu
1386 1174 1565 1215 donavit
1586 1173 1771 1225 Anglice

314 1245 507 1287 Thomas
544 1246 794 1297 Randolph,
831 1245 957 1285 1652.
989 1244 1099 1297 (vid.
1138 1243 1336 1284 Cibber's
1370 1241 1516 1290 Lis-cs,
1548 1241 1623 1281 lii).
1658 1252 1689 1280 1.
1729 1256 1772 1295 p.

313 1311 436 1364 219.)
458 1312 529 1352 cui
565 1311 711 1351 forsan
746 1311 935 1364 adjicere
970 1310 1101 1350 liceat
1136 1323 1284 1350 versus
1316 1308 1548 1349 Claudiani
1584 1308 1637 1348 de
1659 1308 1771 1349 Sene

313 1379 573 1421 Veronensi.
633 1378 774 1418 Breve
803 1377 902 1427 hoc,
933 1377 1012 1417 sed
1042 1378 1282 1431 pulchrum,
1316 1376 1491 1430 poema,
1525 1375 1593 1415 vel
1623 1376 1773 1429 potius

313 1448 488 1499 longum
517 1445 800 1499 epigramma,
834 1448 969 1484 metro
1000 1443 1190 1496 Anglico
1223 1443 1531 1497 compositum,
1573 1447 1696 1484 extat
1730 1444 1772 1484 in

315 1513 537 1567 Operibus
558 1510 586 1552 J
591 1512 770 1552 ohannis
794 1511 1056 1560 Beaumont,
1082 1511 1241 1563 equitis
1274 1510 1427 1557 aurati,
1463 1521 1564 1562 qua:
1591 1509 1772 1561 vulgata

314 1585 415 1622 sunt
453 1580 591 1620 Lond.
623 1580 725 1620 SVO.
761 1578 889 1620 1771.
949 1577 1139 1617 Eosdem
1178 1577 1309 1616 etiam
1345 1575 1581 1616 Claudiani
1621 1589 1772 1616 versus

312 1647 450 1703 po‘e'ta
485 1647 808 1696 celeberrimus,
844 1645 1124 1686 Abrahamus
1167 1643 1360 1697 Cowley,
1400 1641 1582 1695 Angliee
1622 1643 1771 1693 vertit,

312 1727 400 1755 non
421 1726 539 1762 vero,
560 1716 608 1753 ut
626 1714 756 1754 nobis
778 1713 964 1762 videtur,
986 1712 1119 1753 nitide
1142 1711 1250 1752 satis
1269 1716 1349 1751 aut
1370 1714 1479 1751 terse
1497 1713 1773 1762 compactOS‚

314 1781 392 1822 sed
424 1781 571 1835 potius
600 1780 961 1833 paraphrasticws
990 1780 1210 1828 dilatatos,
1247 1778 1620 1831 quemadmodum
1653 1777 1775 1819 dedit

313 1849 423 1890 odas
444 1848 606 1888 multas
630 1847 936 1887 Anacreontis.

371 1915 541 1955 Notant
563 1915 785 1967 Bipontini
820 1913 1083 1967 Panegyrim
1105 1913 1149 1952 in
1171 1914 1346 1953 tertium
1369 1913 1649 1953 Consulatum
1676 1912 1774 1953 Ho-

312 1983 423 2023 norii
444 1995 541 2022 cum
563 1982 676 2022 notis
706 1981 888 2029 Vox-sui,
922 1981 1020 2021 Svo.
1059 1980 1183 2033 Lips.
1216 1982 1344 2022 1675.
1406 1981 1519 2022 Haec
1541 1981 1584 2020 in
1605 1981 1775 2021 Biblio-

313 2049 441 2088 theca
464 2048 720 2095 Bodiciana,
753 2051 797 2087 et
825 2048 955 2086 etiam
993 2048 1229 2099 separatim
1254 2048 1386 2089 editio
1409 2047 1643 2088 Claudiani
1667 2047 1774 2101 Epi-

314 2118 598 2168 grammatum
622 2127 721 2153 eum
741 2114 857 2154 notis
880 2115 935 2154 ab
957 2114 1112 2154 eodem
1136 2114 1338 2164 Voss-tio,
1361 2115 1467 2155 ibid.

374 2180 549 2233 Raptus
592 2180 866 2233 Prosci-pinax
903 2183 944 2222 in
975 2196 1100 2224 versu
1140 2182 1314 2222 Runico
1348 2181 1598 2234 Anglicano
1632 2181 1772 2222 editus

313 2247 412 2296 suit,
442 2247 517 2287 scd
545 2261 627 2287 non
662 2247 928 2298 felicissime,
957 2263 984 2289 a
1016 2250 1191 2290 Jacobo
1224 2249 1422 2300 Hugth‚
1450 2249 1490 2287 in
1515 2249 1616 2288 Svo.
1644 2249 1773 2288 1714.

314 2315 520 2367 repetitus
553 2328 651 2354 cuin
673 2316 784 2355 notis
814 2318 917 2356 iuter
951 2317 1142 2371 ejusdcm
1174 2316 1322 2370 Opera
1344 2330 1385 2356 a.
1418 2316 1545 2357 1723.
1580 2316 1773 2367 vulgata.

315 2381 440 2423 Idem
469 2382 534 2421 vir
553 2381 951 2434 interpretationem
972 2385 1196 2424 metricam
1218 2385 1400 2424 duorum
1423 2384 1631 2423 librorum
1668 2396 1791 2423 con·-

314 2451 383 2490 tra
405 2447 614 2489 Rufinum
643 2449 798 2491 edidit.
858 2450 995 2492 Extat
1016 2451 1060 2491 in
1093 2451 1314 2505 Operibus
1342 2451 1437 2504 ejus
1472 2450 1659 2492 Londini
1679 2450 1774 2491 vul-

315 2515 426 2568 gatis
447 2515 546 2556 Svo.
568 2515 695 2556 1787.

372 2582 609 2624 Versiones
632 2582 820 2638 poetica:
848 2586 1118 2638 quorundam
1141 2584 1374 2626 Claudiani
1395 2583 1648 2638 poematum
1671 2587 1774 2625 sunt
