1763 3116
375 182 425 212 ΙΝ
462 183 493 212 1.

0 287 60 318 per
75 288 104 318 y.
148 277 188 309 In
216 277 388 308 Oiseliano
413 275 604 315 Sigamhrus.
650 276 693 307 D.

0 329 119 361 Heius.

41 382 108 411 224
137 380 213 410 Cum
244 380 346 408 rideat
377 375 478 417 ripas]
534 376 691 407 Rhenum

0 431 166 470 utrimque
203 428 358 459 Romanis
383 427 532 458 moribus
563 427 692 458 cultum

0 480 148 511 indicare
163 479 269 519 cupit.
302 478 415 509 Barth.

38 532 99 560 225
126 529 197 559 Non
226 529 410 567 indignante
443 528 558 569 Cayco]
612 529 693 559 Tres

0 579 171 609 Cheruclw:
194 578 259 609 duo
277 579 398 609 Cauclw
414 588 488 608 curn
507 579 614 618 primo
627 579 690 609 Va—

0 629 128 660 ticano:
155 629 209 659 alii
227 629 293 659 (luo
313 629 447 659 Chauco.
492 629 690 669 Legendum

0 680 97 709 cauco
124 679 203 709 alibi
231 679 427 710 monuimuS.
475 679 578 710 Cauci
603 679 691 709 enim

0 727 193 770 frequenter
209 730 332 769 Belgas
348 730 565 760 invadebant.
592 730 693 769 Spar-

0 781 105 812 tianus
132 781 164 810 iu
193 780 296 810 Didio
311 780 467 812 Juliano:
493 781 500 795 ‘
516 780 599 809 Inde
617 780 693 809 Bel-

0 831 102 870 *gicam
121 835 235 861 sancte
255 840 294 861 ac
309 830 365 860 diu
383 830 482 860 rexit.
528 829 581 859 Ibi
611 830 694 860 Cau-

0 880 67 910 cbis
97 881 289 911 Germania:
321 881 464 920 popum,
495 880 550 920 qui
579 879 693 910 Albim

0 930 207 969 accolebant,
242 930 498 970 erumpentibus
542 930 694 961 restitit!

0 980 41 1010 D.
60 979 171 1009 Heius.

37 1032 100 1060 226
124 1030 324 1070 Mediumque
339 1031 478 1068 ingressa
503 1039 560 1069 per
573 1030 694 1072 Albim]

0 1081 76 1112 l‘am
95 1079 294 1120 profundam
308 1080 561 1120 stabilitamque
573 1091 692 1121 pacem

0 1131 136 1161 licitbis
154 1130 285 1171 populis
301 1130 479 1168 indultam,
496 1134 532 1161 ut
548 1140 608 1170 per
624 1141 692 1162 me-

0 1181 85 1211 nium
101 1181 202 1212 etiam
219 1179 356 1220 flumen,
374 1191 440 1222 qua
456 1181 535 1212 illud
554 1180 690 1223 profun-

0 1232 180 1271 dissimum,
212 1233 386 1263 vacaverit
417 1233 547 1264 nationi
591 1233 691 1263 alteri

8 1292 25 1312 n
44 1283 182 1314 alterius
210 1293 334 1324 pascua
358 1292 469 1323 pecua
493 1293 552 1314 sua
578 1292 690 1323 agere.

0 1333 111 1363 Barth.

38 1386 100 1414 227
127 1385 248 1414 Gallica
267 1384 470 1424 Francorum]
503 1385 609 1415 Vides
625 1386 691 1415 cla-

0 1435 125 1465 rissime
149 1434 203 1464 hic
231 1444 329 1474 qnam
356 1434 387 1464 bi
412 1435 542 1474 populi,
568 1435 619 1465 11ae
646 1445 694 1465 re-

0 1485 123 1524 giones,
147 1484 273 1515 suerint
298 1484 432 1515 omnino
451 1488 519 1514 tum
537 1485 692 1515 diversae.

0 1534 95 1564 Idem.

35 1585 98 1614 229
120 1583 232 1623 Lucos]
257 1583 507 1624 Hercyniorum
526 1584 693 1614 Lucorum

0 1634 145 1665 meminit
162 1636 291 1665 Seneca
308 1634 455 1664 Medea:
474 1634 482 1650 ‘
498 1633 597 1664 Lucis
611 1634 693 1664 Sue-

0 1685 25 1716 νὶ
42 1685 170 1715 nobiles
188 1683 393 1724 Hercyniis.'
418 1684 513 1714 Idem.

36 1738 99 1766 230
126 1735 290 1774 Religione
315 1733 432 1774 truces]
483 1734 695 1775 Horrendos,

0 1795 69 1817 rum
88 1786 228 1816 horrore
246 1785 414 1815 visendos.
439 1784 537 1816 Idem.

38 1839 100 1868 233
130 1837 306 1877 Victorique
315 1835 442 1875 fuvcnt]
460 1836 579 1866 Mente
596 1835 694 1867 simul

0 1892 31 1919 et
59 1897 200 1929 corpore
215 1887 354 1918 devicti.
400 1886 514 1917 Alibi:
539 1888 628 1917 ‘non
644 1891 696 1918 est

0 1939 138 1970 victoria
162 1938 272 1979 major
295 1939 405 1970 Quam
423 1947 499 1977 quae
525 1937 695 1969 confessos

0 1989 106 2020 auimo
116 1998 248 2030 quoque
262 1988 423 2028 subjugat
435 1989 569 2019 hostes?
600 1988 695 2020 luem.

37 2042 98 2070 234
115 2038 293 2078 allemania]
315 2039 433 2069 Totam
452 2038 647 2069 Barbariam
662 2044 697 2069 et

0 2090 143 2121 Danubii
166 2094 201 2121 et
226 2089 334 2120 Rheni
351 2090 499 2120 accolam
518 2089 632 2120 dicere
651 2090 695 2120 vi-

0 2140 107 2172 detur.
154 2140 233 2171 Non
247 2139 364 2169 habuit
381 2140 457 2169 olim
476 2145 603 2170 certain
619 2150 696 2179 gen-

0 2191 38 2222 tis
56 2190 334 2231 significationem
353 2189 424 2221 baec
440 2200 515 2229 vox,
529 2190 595 2221 dici
609 2191 697 2220 enim

0 2251 61 2272 non
84 2245 199 2281 potest
215 2251 314 2281 quam
332 2241 426 2271 varie
441 2240 642 2281 diverseque
658 2251 698 2271 ea

0 2296 135 2323 utantur
151 2292 344 2332 scriptores.
376 2292 445 2322 Pro
461 2291 604 2322 diversis
619 2301 697 2332 gen-

0 2342 96 2383 tibus,
129 2348 165 2374 et
196 2343 276 2374 totis
305 2342 377 2383 ejus
414 2352 481 2372 orae
520 2342 697 2374 tractibus.

0 2391 95 2424 Idem.

41 2445 104 2473 236
128 2443 292 2473 Provincia
308 2442 427 2482 missos]
455 2442 542 2473 Haec
557 2452 697 2482 corrup-

2 2492 128 2522 tissime
144 2493 308 2524 hactenus
335 2493 544 2533 legebantur.
591 2495 699 2534 Mysos

2 2540 154 2581 quida1n3
177 2541 313 2574 frustra.
346 2543 526 2581 Profallux
543 2544 698 2585 sequenti

2 2602 100 2622 xersu
127 2598 218 2623 recte
245 2594 378 2625 codices
406 2596 555 2625 nonnulli
579 2595 698 2633 fasces:

2 2641 168 2682 quomodo
183 2647 218 2673 et
243 2645 338 2683 prim.
357 2645 468 2676 Vatic.
514 2647 597 2676 Mox
624 2656 698 2686 per-

4 2702 118 2734 peram
145 2694 227 2728 Quos
253 2696 372 2725 dederis
394 2700 495 2727 servat
521 2697 576 2727 vel
598 2697 700 2735 feriat

3 2745 57 2775 vel
79 2747 179 2775 servet
196 2744 322 2785 vulgati
337 2750 373 2776 et
388 2746 506 2787 scripti
523 2757 531 2785 ;
564 2747 700 2789 quidam

527 181 663 213 CONS-
695 181 908 213 STILtcH.

943 182 1038 213 mn.
1074 183 1105 214 1.
1337 174 1451 215 1505)

747 277 850 306 etiam
875 277 977 312 acies;
1004 277 1091 318 quod
1122 276 1372 316 Raplielengius
1400 290 1449 311 se-

746 331 852 357 cutus.
914 327 1075 357 Proxime
1102 337 1215 357 veram
1254 327 1450 369 lectionem,

746 385 820 415 quae
842 376 943 406 tertio
968 377 1134 407 Vaticano
1159 377 1298 415 (Indici,
1312 378 1450 409 Floren-

745 426 816 455 tino
834 428 865 456 S.
885 427 1004 466 Marci,
1032 427 1183 457 secundo
1212 427 1385 468 Mediceo,
1409 438 1448 458 ac

746 474 932 515 Osseliano,
948 477 979 506 in
998 478 1116 517 quibus
1140 478 1205 508 acie
1221 488 1274 508 nec
1288 478 1357 516 jum
1380 480 1449 519 pul-

743 536 812 557 sare
838 527 975 563 rebelles,
1002 528 1156 559 debetur.
1212 529 1318 559 Simili
1349 539 1450 560 sensu

746 586 794 609 ιν.
812 577 910 608 Cous,
930 579 1019 609 Hon.
1043 580 1051 595 ‘
1074 581 1149 609 Non
1180 579 1290 609 hostes
1319 580 1450 611 victore

745 627 881 665 cadunt,
905 628 963 658 sed
985 629 1105 669 judice
1131 629 1270 660 sontes!
1318 630 1392 662 Lib.
1410 640 1449 662 11.

744 677 775 707 in
802 679 944 718 Eutrop.
979 680 1085 709 ‘Non
1118 679 1204 710 duce
1243 679 1451 716 frangendas

739 727 867 767 jactat,
897 728 956 758 scd
983 729 1115 769 judice,
1146 729 1260 760 vires!
1320 731 1451 761 Ultima

746 778 877 817 syllaba
893 779 948 808 τοῦ
964 781 1086 810 dederis
1104 781 1357 820 producebatur
1370 791 1451 812 non-

746 838 914 869 nunquam
930 841 937 859 :
963 840 1037 860 nam
1056 837 1090 861 et
1106 832 1255 861 ‹Iederitis
1280 831 1453 863 (licebant.

747 878 846 909 Ovid.
863 881 871 895 ‘
891 879 994 910 vitam
1012 880 1177 912 dederitis
1195 882 1226 911 in
1245 881 1363 912 undis?
1387 882 1455 912 Ad-

745 933 877 967 eantnr,
907 939 983 970 quae
1010 936 1167 961 notamus
1199 932 1240 961 ad
1280 932 1452 963 Nasonem

745 977 841 1009 Artis
858 978 971 1009 Amat.
987 989 1009 1009 1.
1021 982 1096 1010 447.
1122 980 1165 1010 D.
1179 981 1292 1011 Heius.

787 1031 849 1059 237
876 1030 977 1064 Quam
994 1029 1140 1067 Francia,
1156 1029 1226 1069 &eff
1250 1031 1340 1070 Ergo
1350 1032 1451 1062 Fran·

745 1078 776 1109 ci
814 1079 925 1119 Reges
970 1089 989 1110 a
1027 1079 1215 1110 Stilichone
1266 1081 1453 1121 accipiunt.

743 1129 905 1169 Magnam
925 1139 1005 1160 vero
1030 1139 1145 1160 curam
1167 1130 1366 1170 injiciebant
1384 1131 1453 1162 Ro-

743 1180 865 1217 manis,
892 1180 973 1211 licet
1010 1190 1117 1220 parva
1146 1191 1269 1211 manu:
1307 1191 1389 1222 quos
1418 1182 1452 1212 ni

743 1231 844 1270 paulo
863 1235 941 1261 ante
960 1230 1189 1270 Arbogaztes‚
1209 1231 1328 1262 itidem
1346 1232 1454 1262 Fran-

744 1290 814 1317 cus,
829 1280 886 1311 sed
905 1281 1023 1321 patriae
1038 1281 1153 1321 bostis,
1165 1281 1308 1312 diversis
1321 1282 1449 1322 praeliis

745 1330 969 1370 debilitasset,
996 1341 1061 1361 non
1093 1332 1178 1362 adeo
1208 1331 1309 1363 facile
1340 1333 1451 1363 Rheni

746 1382 839 1420 ripas
858 1382 1100 1413 deseruissent.
1127 1384 1249 1413 Claver.

789 1433 849 1461 241
888 1432 1096 1461 Marcomeres
1133 1431 1293 1472 sonnoque
1328 1433 1453 1472 uocant]

748 1480 841 1511 Nota
866 1486 946 1511 tunc
973 1481 1134 1511 vocabula
1160 1481 1291 1522 Regum
1316 1483 1458 1515 Franci·-

747 1543 872 1564 corum.

791 1584 1000 1614 Marcomeres
1014 1583 1174 1624 sonnoque
1187 1585 1307 1625 docent]
1331 1586 1384 1617 Sic
1403 1596 1454 1626 pr.

745 1635 932 1666 Vaticanus
949 1644 1023 1664 cum
1043 1635 1116 1664 aliis
1134 1636 1320 1674 nonnullis;
1345 1642 1449 1677 atque

743 1685 791 1715 ita
807 1684 1079 1724 Raphelengius:
1106 1684 1167 1715 nisi
1180 1685 1268 1726 quod
1284 1685 1340 1716 ille
1353 1688 1452 1717 (locet.

744 1736 906 1767 Lucensis
932 1736 1141 1766 Marcomares
1165 1736 1339 1776 Sunnoque.
1380 1738 1449 1778 Gy-

745 1789 828 1819 rald.
855 1788 978 1829 aliique
1005 1789 1194 1829 complures
1212 1789 1455 1821 Marcomunes:

745 1839 880 1879 quidam
909 1839 1092 1878 Somnoque,
1115 1837 1312 1878 Summaque,
1340 1838 1456 1869 Sileno-

744 1899 811 1929 que,
841 1889 1032 1928 Sum-usque,
1059 1894 1094 1919 et
1122 1889 1257 1920 similia.
1301 1889 1455 1930 Scaliger

745 1942 777 1971 in
795 1951 854 1971 ora
872 1941 949 1971 libri
968 1941 1016 1971 sui
1034 1941 1251 1971 lilarcomirus.
1299 1942 1383 1972 Cum
1403 1941 1455 1972 his

745 1992 985 2022 Valentiniano
998 2001 1049 2022 res
1067 1990 1171 2021 fuisse
1183 1992 1330 2022 videtur.
1348 1991 1454 2021 Chro-

746 2043 844 2073 nicon
860 2040 1172 2072 Altissiodurense:
1196 2043 1204 2058 ‘
1221 2042 1359 2081 Egressi
1375 2041 1455 2072 inde

748 2092 967 2131 Marcomiro,
982 2092 1178 2131 Summone,
1192 2097 1226 2122 et
1241 2092 1455 2123 Genebaudo

747 2143 900 2183 (lucibus,
929 2148 1097 2173 venerunt
1135 2147 1171 2173 et
1208 2142 1452 2173 habitaverunt

747 2194 838 2224 circa
862 2194 969 2234 ripam
997 2193 1105 2223 Rbeni
1133 2192 1166 2222 in
1194 2191 1339 2223 confinio
1367 2193 1456 2223 Ger-

747 2244 866 2274 maniae
879 2248 914 2275 et
931 2243 1152 2274 Alemanniae.
1172 2244 1265 2276 Quos
1282 2253 1357 2274 cum
1373 2244 1456 2274 mul-

747 2294 791 2325 tis
807 2294 897 2325 idem
914 2293 1174 2324 Valentinianus
1198 2294 1324 2332 pra‘liis
1343 2299 1455 2324 atten-

748 2350 867 2384 tasset,
893 2355 954 2376 nec
981 2345 1118 2375 vincere
1143 2345 1326 2385 potuisset,
1351 2344 1456 2374 Fran-

748 2406 818 2436 cos,
834 2396 869 2426 id
886 2401 951 2432 est,
967 2394 1114 2434 feroces,
1131 2395 1342 2435 appellavit.'
1376 2395 1457 2425 Plu-

748 2456 785 2476 ra
814 2445 855 2476 ad
888 2455 960 2476 rem
993 2444 1162 2485 congessit
1193 2444 1367 2475 Barthius.
1412 2445 1457 2475 D.

749 2498 862 2528 Heius,

796 2548 985 2578 Hetruscum
1016 2547 1154 2578 Pertulit
1184 2546 1346 2585 exsilium]
1389 2545 1457 2575 Sua

749 2597 816 2628 fide
842 2597 958 2627 isthaec
987 2600 1116 2627 narrat.
1163 2596 1314 2627 Omnino
1345 2601 1456 2625 tamen

751 2647 877 2688 aliquid
895 2647 964 2676 veri
992 2646 1091 2676 inest.
1136 2646 1224 2676 Nam
1242 2650 1277 2676 et
1293 2645 1334 2675 ad
1354 2649 1455 2683 pacta

751 2698 892 2729 adactos
909 2699 1020 2738 Reges
1046 2697 1132 2736 illos,
1157 2697 1361 2728 Francorum
1378 2694 1457 2725 His-

752 2749 849 2780 toriae
863 2747 1042 2783 affirmant.
1071 2747 1183 2780 Barth.
