1859 3148
360 188 473 231 1498

362 304 476 326 versus
488 295 604 325 miram
621 295 723 327 habet
737 297 921 336 emphasim
937 300 972 327 et
988 306 1058 327 rem

362 347 455 378 velut
472 347 672 377 audiendam
686 348 973 388 spectandamque
987 358 1060 387 pro-

367 398 478 438 ponit.
502 398 617 428 Barth.

404 450 466 478 533
505 448 639 488 Altaque
667 448 722 478 rix
750 448 938 488 lacrymans]
982 449 1058 479 Non

363 500 453 537 alque
468 500 525 536 ita,
542 499 690 537 potiores
707 499 792 529 libri.

403 551 468 578 536
492 549 569 578 Βαα-
586 548 684 587 meus]
708 550 792 579 Erat
807 550 895 580 enim
920 550 967 580 ibi
992 560 1060 580 om·

360 597 416 627 nia
433 597 494 628 sub
511 598 698 628 Theodosio
723 599 891 638 quondam
909 600 1059 630 Stilicho.

362 647 550 685 Cedrenns,
575 648 720 679 universi
739 650 845 689 Regni
863 650 960 681 rebus
977 661 1060 691 prae-

360 697 486 730 fectum
504 699 604 730 fuisse
617 701 748 732 scribit.
772 702 889 732 Barth.

404 751 468 779 539
507 749 669 789 Gallisque
706 752 807 790 dedic]
857 752 977 782 Gallos
1007 751 1060 782 hic

359 798 508 838 scriptor
539 799 625 829 dicit
656 800 892 830 Occidentalis
923 801 1061 839 Imperii

359 846 522 886 legiones,
547 857 667 886 magno
696 849 822 878 honore
848 848 1060 879 nobilissimae

359 896 519 934 nationis,
544 898 677 938 quoties
704 908 746 928 ex
775 907 919 938 persona
940 898 1062 929 Orien-

360 947 477 977 talium
505 957 614 978 sermo
639 953 702 979 est.
741 948 815 979 Hoc
845 947 924 978 inde
950 952 1062 979 ortum

360 997 450 1037 quod
467 997 499 1027 in
518 997 628 1027 Gallia
644 997 817 1037 CisaIpIna
831 997 1061 1028 Mediolanum

361 1046 520 1087 frequens
550 1048 702 1077 coluerat
730 1047 935 1078 Theodosius
964 1048 1062 1088 Mag-

364 1107 438 1128 nus.
463 1098 559 1129 Idem.

403 1151 465 1179 541
490 1148 562 1179 Hoc
584 1152 709 1180 auctore
723 1149 808 1190 suit]
831 1150 920 1182 Fluit
937 1151 1060 1181 malim.

361 1198 743 1231 adeanturFescenniua
758 1201 895 1241 Nuptiis
907 1201 1063 1241 Honorii,

360 1259 407 1281 vs.
425 1253 478 1281 63.
497 1251 612 1289 mnjora
622 1250 747 1288 furenti
764 1261 829 1281 non
847 1252 980 1282 moventi
995 1256 1062 1282 ter-

362 1300 428 1331 tius
445 1300 641 1331 Vaticanus,
670 1302 715 1332 D.
734 1301 847 1331 Heins.

403 1353 465 1381 543
500 1351 647 1390 Reluxit]
681 1352 786 1382 Velut
811 1351 931 1390 fulgur.
970 1350 1062 1382 Alibi

358 1400 368 1415 ‘
380 1400 510 1430 cunctis
527 1401 666 1439 inopina
679 1401 803 1430 reluxit
821 1400 860 1429 lu
876 1400 1062 1430 Stilichone

361 1450 469 1480 salus.'
495 1449 610 1479 Barth.

403 1503 466 1530 549
481 1501 558 1530 Cum
569 1499 672 1530 subito
685 1502 854 1530 monstrosa
866 1499 956 1538 mihi]
971 1500 1062 1530 Mon-

357 1553 457 1580 strosa
483 1550 545 1580 lues
571 1549 681 1580 codex
706 1550 893 1581 Junianus:
928 1549 974 1579 sic
997 1559 1062 1588 pes-

358 1603 431 1638 tem,
453 1600 562 1637 labem,
585 1600 700 1629 cladem
718 1599 920 1638 Eutropium
939 1600 1061 1638 passim

361 1653 472 1679 vocat.
490 1648 532 1679 de
549 1647 693 1678 Rufino:
719 1650 727 1664 ‘
748 1658 804 1678 vos
822 1648 960 1688 pandite
981 1649 1061 1688 vati,

360 1698 527 1737 Pierides,
552 1708 615 1739 quo
633 1702 729 1729 tanta
755 1699 826 1728 lues
843 1699 996 1738 eruperit
1012 1709 1062 1729 or·

361 1748 420 1779 tu.’
449 1749 548 1779 Idem.

402 1801 466 1829 550
484 1799 648 1828 eustratus
662 1798 787 1838 prosilit
802 1798 914 1838 haeres]
939 1799 1061 1830 Eutro-

361 1850 455 1888 pius:
481 1849 537 1889 qui
554 1849 703 1879 damnati
723 1848 832 1879 Rufini
849 1848 890 1879 ad
917 1858 952 1879 se
974 1848 1061 1879 bona

360 1899 479 1929 traxit.
515 1899 670 1930 Zosimus
694 1899 813 1929 scribit
831 1904 964 1938 partem
992 1904 1062 1930 tau-

362 1955 432 1979 tum
450 1948 514 1978 sibi
530 1949 688 1979 sumsisse
706 1948 882 1988 potiorem.
908 1948 1004 1980 Idem.

405 2003 467 2031 552
492 2000 622 2030 Domini
640 1999 763 2039 sexum]
789 1999 957 2030 Eunuchis
974 2000 1061 2030 enim

361 2051 456 2082 novis
474 2049 665 2090 affingitur:
684 2059 788 2090 supra
805 2060 835 2080 v.
849 2052 923 2080 223.
950 2050 958 2066 ‘
974 2060 1061 2081 nunc

362 2102 449 2131 alter
465 2101 497 2130 in
513 2102 611 2130 armis
626 2100 748 2139 Sexus,
774 2104 810 2130 et
838 2100 1009 2130 Eunuchis
1027 2110 1062 2131 se

362 2149 596 2181 defensoribus
614 2150 718 2179 Orbis
736 2149 915 2182 Credidit!
944 2150 1040 2182 Idem.

405 2203 466 2231 554
490 2199 625 2239 Διώρης]
649 2200 839 2239 Imperans.
866 2201 961 2231 Idem.

404 2254 467 2281 556
491 2250 630 2288 Sumere,
655 2260 709 2279 nec
737 2249 855 2289 tuntas]
891 2251 982 2281 Totas
999 2252 1062 2282 Lu-

361 2310 452 2332 cenS.
471 2301 610 2340 (lyram.
629 2301 725 2340 prim.
743 2301 903 2332 Vatic.et
916 2306 1063 2342 quatuor

362 2350 431 2381 alii.
458 2350 500 2379 D.
523 2350 632 2380 Heius.

410 2399 535 2430 Vertere
551 2399 647 2439 [ges]
666 2400 861 2440 Contrajus
874 2404 909 2431 et
924 2400 974 2431 fas
989 2401 1063 2432 bac-

362 2450 452 2481 chari
469 2450 501 2480 in
519 2450 602 2481 Jura
618 2455 653 2480 et
670 2450 789 2490 Leges.
814 2451 929 2482 Barth.

403 2503 465 2530 557
492 2500 596 2538 fave]
620 2500 818 2540 Vulgarium
836 2506 872 2531 et
888 2501 1060 2531 servilium

361 2550 541 2582 hominum.
567 2551 661 2581 Idem.

405 2603 467 2631 558
504 2601 683 2639 Dignosque
712 2599 844 2639 sodales]
883 2600 1062 2640 Dignusque

361 2651 482 2681 satelles
508 2660 584 2682 cum
613 2651 747 2691 scriptis
788 2655 823 2681 et
865 2649 966 2682 Aldo.
1018 2652 1061 2683 D.

362 2700 473 2733 Heium.

600 200 743 231 NOTAE
777 200 1038 231 VARIORUM
1073 202 1124 232 ΙΝ
1159 202 1233 231 CL.
1265 201 1447 232 CLAUD.
1481 201 1573 233 XX.

1153 299 1216 326 559
1242 297 1373 327 Fiducia
1384 297 1497 337 crevit]
1513 296 1742 336 Deprehende
1760 307 1810 329 as-

1111 351 1180 376 tum
1208 347 1384 384 Eunuchi;
1420 348 1490 388 qui,
1518 352 1555 378 ut
1584 347 1631 378 ait
1661 347 1812 386 Persius,

1109 397 1118 412 ‘
1135 401 1278 427 astutam
1298 397 1418 437 vapido
1434 397 1495 428 sub
1521 402 1659 437 pectore
1675 397 1811 437 vulpem

1110 446 1298 477 Servabat!
1325 448 1449 478 (mu-er.

1153 500 1216 527 562
1242 498 1326 531 Quos
1341 497 1405 535 ipse
1418 497 1517 536 regit]
1543 497 1615 528 Imo
1631 497 1718 535 gerit
1734 506 1812 527 curn

1111 547 1228 577 libris:
1268 547 1355 578 vidit
1395 548 1662 587 Raphelengius.
1703 547 1811 578 Paulo

1112 602 1188 637 post
1202 598 1357 627 Insultant
1370 598 1496 627 Lovan.
1511 601 1547 627 ct
1560 606 1644 626 unus
1656 595 1813 627 Ambros.

1112 655 1172 686 pro
1191 646 1375 676 Exsullunt.
1410 647 1508 676 Bello
1535 645 1629 676 Gild.
1653 647 1661 660 ‘
1690 644 1810 676 faciles

1111 697 1361 738 insultandique
1382 697 1559 736 jacemus?
1606 695 1697 727 Ibid.
1732 697 1740 713 ‘
1759 696 1815 727 In·

1111 748 1256 777 sultaret
1302 751 1400 777 atrox
1442 746 1569 776 famula
1607 746 1813 786 Carthagine

1112 797 1276 826 Maurus.'
1304 797 1347 826 D.
1366 796 1479 826 Heius.

1154 847 1219 875 566
1252 845 1423 884 Squallebz't
1455 844 1588 883 aratris]
1629 845 1815 883 Squollescit

1115 894 1242 925 rectius
1259 895 1292 924 in
1308 895 1394 934 Reg.
1410 899 1445 925 et
1461 894 1573 925 Oxon.
1590 894 1750 933 squallet-it
1764 903 1814 934 pr.

1113 944 1225 975 vatic.
1250 945 1349 975 Idem.

1157 998 1220 1025 568
1239 994 1355 1034 Cursu]
1379 995 1457 1026 Non
1482 994 1689 1034 interrupto,
1710 994 1815 1034 impe-

1116 1049 1163 1075 tu.
1187 1045 1304 1076 Barth.

1156 1098 1219 1126 570
1246 1095 1371 1125 Terruit
1388 1094 1537 1125 Antiochi
1552 1094 1669 1133 neuros]
1694 1093 1735 1124 Id
1751 1098 1816 1131 est,

1114 1146 1218 1185 ipsam
1248 1145 1478 1182 Antiochiam,
1521 1154 1595 1184 quae
1625 1143 1704 1173 urbs
1735 1143 1814 1174 olim

1114 1195 1341 1235 pulcherrima
1354 1198 1387 1224 et
1402 1195 1511 1234 ampla
1528 1193 1690 1233 imprimis
1704 1204 1712 1231 ;
1739 1202 1814 1223 nam

1114 1250 1149 1276 ct
1164 1245 1271 1285 Syriae
1287 1250 1410 1284 caput:
1439 1244 1556 1275 incolae
1586 1244 1691 1283 ipsius
1718 1242 1814 1273 fuere

1115 1298 1206 1328 leves
1227 1296 1404 1326 admodum
1422 1302 1457 1327 et
1475 1296 1688 1335 pervicacem
1713 1294 1761 1325 ita
1778 1299 1814 1324 ut

1116 1347 1229 1378 barbae
1241 1346 1370 1378 Juliani
1383 1346 1604 1385 Imperatoris
1618 1355 1682 1375 non
1697 1354 1817 1385 peper-

1114 1397 1242 1427 cerint:
1261 1397 1444 1436 quinetiam
1462 1396 1633 1426 Flaccillae
1650 1396 1813 1435 Augustae

1115 1450 1257 1477 statuam
1273 1446 1454 1486 dejecere:
1475 1446 1506 1476 in
1525 1456 1606 1486 quos
1623 1446 1702 1476 dum
1719 1446 1818 1476 Priu-

1113 1507 1194 1537 ceps
1224 1497 1386 1527 ultionem
1415 1500 1526 1536 parat,
1562 1496 1723 1526 Libanius
1755 1505 1814 1526 seu

1114 1548 1226 1587 potius
1241 1547 1421 1578 Flavianus
1446 1546 1577 1576 obviam
1595 1546 1644 1583 iit,
1668 1546 1813 1576 veniam-

1114 1606 1178 1636 que.
1208 1596 1327 1626 delicti
1358 1595 1482 1626 meruit
1513 1595 1711 1635 eloquentia
1742 1604 1813 1625 sua.

1116 1648 1239 1677 Cho-er.

1156 1700 1215 1727 571
1236 1697 1337 1736 Caput
1356 1695 1477 1736 Syriae]
1503 1695 1717 1726 Antiochiam
1732 1694 1814 1726 dicit

1114 1747 1366 1778 amoenissimam
1383 1746 1514 1777 urbem.
1540 1746 1654 1776 Barth.

1155 1801 1217 1829 573
1243 1799 1391 1829 Macrone
1408 1796 1552 1835 secundo]
1577 1797 1656 1827 Non
1680 1799 1815 1835 cruento,

1113 1849 1190 1879 libri
1216 1848 1380 1888 plerique.
1416 1847 1513 1878 Bello
1535 1846 1628 1877 Gild.
1665 1848 1673 1862 ‘
1696 1846 1815 1877 Tertia

1107 1899 1180 1938 jam
1206 1897 1322 1928 cervix
1350 1896 1450 1927 solito
1473 1905 1633 1927 mucrone
1659 1894 1815 1926 rotetur.'

1113 1947 1158 1979 D.
1178 1947 1290 1977 Heius.

1156 2000 1218 2028 576
1243 1996 1358 2036 Legio]
1381 1995 1457 2034 Cui,
1475 2002 1633 2036 tanquam
1652 1994 1817 2033 emeritae,

1114 2047 1185 2087 agri
1202 2052 1299 2077 erant
1315 2046 1475 2086 assignati
1502 2046 1591 2086 apud
1617 2045 1815 2086 Phrygiam.

1114 2098 1229 2128 Barth.

1156 2151 1219 2179 580
1244 2147 1311 2177 Nec
1325 2148 1413 2185 duce,
1440 2156 1493 2176 nec
1520 2145 1659 2184 numero]
1683 2145 1749 2175 Nec
1772 2146 1817 2184 vi,

1113 2209 1168 2230 nec
1179 2207 1304 2229 numero
1317 2198 1414 2237 prim.
1427 2197 1626 2227 Vaticanus.
1641 2196 1685 2226 D.
1700 2195 1816 2226 Heius.

1156 2252 1216 2279 5251
1243 2247 1460 2286 Proditioque]
1492 2246 1547 2276 Sic
1573 2249 1666 2275 recte
1694 2245 1815 2284 scripti

1114 2298 1289 2328 meliores:
1309 2296 1397 2336 quod
1415 2300 1449 2325 et
1465 2295 1538 2325 aliis
1552 2293 1814 2333 deprehensum.

1114 2347 1225 2386 Vulgo
1259 2346 1512 2384 Prodigiumque.
1565 2343 1707 2382 Comitis
1735 2353 1813 2373 mox

1115 2406 1175 2436 pro
1202 2397 1341 2436 captivus
1367 2404 1443 2425 cum
1474 2394 1590 2423 iisdem
1611 2392 1812 2431 legendum:

1114 2456 1191 2476 mox
1206 2446 1330 2486 perdita
1345 2448 1433 2474 curat
1450 2444 1598 2473 nonrmlli
1617 2453 1678 2483 pro
1694 2447 1814 2474 curant.

1114 2495 1221 2526 Idem.

1157 2548 1219 2575 552
1246 2544 1333 2574 Teste
1356 2543 1514 2583 Danubio]
1548 2544 1673 2582 Magna
1699 2546 1812 2574 autem

1115 2605 1168 2624 res
1195 2599 1257 2633 est,
1280 2594 1359 2634 quia
1391 2594 1568 2624 Danubius
1593 2602 1713 2623 nomen
1738 2598 1815 2623 erat

1115 2645 1244 2675 timoris
1261 2644 1401 2674 Romani
1418 2644 1568 2684 plenum,
1584 2650 1621 2675 et
1639 2644 1733 2676 Deus
1744 2642 1813 2675 Go-

1117 2694 1249 2725 thorum
1263 2693 1415 2725 istorum.
1439 2692 1555 2725 Barth.
