1859 3148
386 144 499 185 1512

430 249 512 284 Quot
538 250 614 281 nube
635 253 769 292 soporis]
804 255 905 286 Multi
931 266 971 285 ex
993 255 1086 286 libris

383 300 472 331 nubis
496 307 634 342 aperloe:
660 306 842 336 mendose:
869 308 1083 339 scribendum

381 350 518 382 videtur
536 353 612 383 nube
635 364 761 394 sopora:
787 356 834 385 sic
861 361 975 387 noctem
1000 368 1083 397 sopo-

381 410 448 430 ram
472 402 591 442 virgil.
621 404 744 433 Lucan.
771 412 806 434 ct
833 406 960 435 Statius
991 407 1082 437 dixe-

383 455 472 481 runt.
493 452 660 484 Prndent.
678 454 830 484 Calbem.
847 465 887 485 ex
902 457 1083 487 veterrimo

383 501 523 531 codice:
547 504 555 516 ‘
575 501 718 533 Auferte
732 507 854 535 clamat
873 506 1014 536 lectulos
1030 507 1083 536 ΙΕ-

383 559 472 590 gros,
488 561 637 590 soporos,
652 552 807 583 desides!
834 555 877 585 D.
898 556 1006 586 Heius.

424 603 487 631 310
528 602 683 632 Immunes
719 604 814 643 oculi]
864 605 1081 645 Vigilantiam

380 651 594 682 commendat
609 653 814 683 Stilichonis.
837 655 953 685 Barth.

424 704 486 732 312
512 703 717 744 Fumacauit]
740 704 821 735 Alto
837 706 1080 745 sono‚l⁴*abula¹

379 751 568 782 notissimo.

422 801 565 842 Lumine,
581 805 730 844 cinctum]
762 806 855 843 Lege
881 815 956 835 cum
984 807 1082 845 prim.

378 850 492 882 Vatic.
509 858 544 882 et
568 854 679 892 priore
704 854 844 891 Morem,
865 859 988 886 centum
1006 857 1081 887 Cor-

373 900 460 938 poris
485 902 644 933 excubiis:
666 913 775 944 neque
801 905 900 936 aliter
932 907 1081 939 Helmae-

378 950 572 983 stadiensis.
598 953 644 983 D.
662 954 773 986 Heius.

424 1002 583 1043 Cinctum]
608 1005 767 1047 Undique
784 1006 967 1040 obsessum.
997 1009 1079 1039 Ovi-

377 1051 471 1083 dius:
507 1055 516 1070 ‘
537 1055 681 1086 Centum
718 1057 899 1088 luminibus
930 1059 1078 1091 cinctum

377 1108 481 1142 caput
500 1103 612 1143 Argus
630 1105 799 1145 habebat,'
815 1111 879 1138 ἃς.
904 1110 1019 1140 Barth.

419 1157 481 1185 313
509 1157 654 1196 Corporis
669 1159 820 1199 excubiis]
855 1161 931 1191 Non
964 1163 1077 1201 animi,

377 1208 414 1234 ut
444 1205 588 1237 Stilicho
619 1210 768 1241 servavit
804 1211 1075 1252 Rempublicam.

377 1254 474 1286 Idem.

419 1310 482 1339 316
507 1310 661 1352 Emicuit]
696 1313 749 1344 Sic
777 1314 933 1355 Isingrin.
956 1320 990 1347 et
1007 1321 1076 1348 tres

375 1367 417 1388 ex
434 1361 580 1397 nostris;
604 1362 694 1402 quod
711 1368 746 1394 et
763 1364 1016 1405 Raphelengius
1029 1377 1076 1397 se-

374 1412 486 1447 cutus,
503 1415 537 1439 et
553 1410 711 1441 Barthius
727 1413 818 1443 curis
831 1415 987 1446 secundis
1000 1425 1076 1456 pro-

375 1457 482 1489 bavit.
528 1459 639 1500 Vulgo
670 1462 806 1498 enituit,·
840 1464 948 1495 minus
977 1465 1075 1497 bene.

373 1508 458 1539 Mox
485 1519 666 1550 perperam
704 1512 793 1542 idem
828 1514 1074 1555 Rapbelengius

370 1559 426 1589 sub
452 1569 580 1600 vomere,
597 1571 702 1600 prava
717 1562 933 1595 distinctione
950 1565 1074 1606 decep-

370 1614 443 1647 tus,
467 1614 504 1640 ut
531 1611 674 1641 Bartbio
699 1611 771 1650 jam
802 1613 1069 1653 deprehensum:

370 1659 484 1690 dilectu
498 1660 600 1690 etiam
617 1670 678 1700 pro
693 1662 823 1702 delectu,
838 1668 875 1694 ut
891 1665 980 1704 apud
992 1666 1074 1696 alios

371 1718 505 1751 quoque
522 1715 680 1742 auctores
694 1713 917 1753 antiquissimi
929 1715 1074 1747 codices.

370 1759 527 1800 Denique
542 1764 702 1802 conceptas
725 1772 786 1802 pro
812 1767 953 1804 concepto
977 1766 1073 1796 multi

370 1815 530 1842 veteres:
565 1812 625 1842 scd
656 1813 828 1852 vulgatum
856 1823 921 1844 non
943 1820 996 1845 est
1024 1821 1073 1846 te-

369 1868 465 1890 mere
479 1861 687 1893 mntandum.
722 1863 777 1893 Sic
796 1863 920 1902 Idyllio
937 1864 1072 1895 Phoeni-

370 1909 438 1939 cis:
467 1910 475 1926 ⁴
493 1910 560 1941 Hic
575 1921 685 1952 neque
701 1918 870 1953 concepto
887 1913 984 1954 foetu,
1009 1925 1071 1947 nec

369 1960 497 1991 semine
516 1962 645 2001 surgit)
692 1964 844 2004 Concepto
860 1965 1074 1997 etiamama-

369 2017 413 2039 nu
431 2010 538 2049 prima
553 2011 885 2051 primusVaticanus.
905 2015 950 2046 D.
961 2016 1071 2049 Heius.

411 2060 519 2101 Senio]
551 2063 685 2093 Senium
712 2064 753 2094 de
791 2065 997 2098 detrimento
1021 2078 1071 2099 re-

368 2119 440 2140 rum
454 2111 579 2142 dixisse
602 2113 748 2144 onmium
776 2115 899 2154 probat
926 2117 1070 2151 Nonius.

370 2160 487 2191 Barth.

412 2214 472 2242 327
501 2214 644 2245 Censeret
673 2215 749 2246 bella
775 2216 923 2259 Senatus]
959 2223 1069 2254 Cense-

367 2265 437 2293 rent
472 2263 582 2294 codex
621 2265 969 2308 Rottcndorphianus.
1024 2273 1068 2304 D.

371 2313 481 2344 Heius.

408 2365 471 2393 320
496 2364 634 2395 Ducibus
660 2368 839 2398 mandarent
865 2372 975 2409 proelia
1004 2373 1066 2403 Ρα-

364 2411 443 2452 tres]
466 2413 586 2444 Patres
608 2423 787 2448 censerent
804 2418 1009 2462 bellandum,
1032 2428 1067 2454 et

365 2462 496 2493 hostem
514 2464 741 2506 declararent,
757 2468 789 2498 in
803 2478 901 2509 quem
914 2481 1006 2502 arma
1020 2472 1067 2503 fo-

367 2518 445 2544 rent
459 2515 632 2545 sumeuda.
658 2517 774 2549 Barth.

407 2566 470 2594 330
509 2565 702 2606 Decretoque
728 2570 824 2609 togoe]
863 2572 974 2603 Curiae
1004 2574 1068 2605 Ro-

365 2623 486 2653 manae,
500 2615 656 2646 Senatus
702 2617 791 2649 Illud
806 2620 1066 2655 Ciceronianam

364 2672 480 2694 verum
502 2663 604 2697 fnisse
626 2666 769 2700 dixeris:
794 2670 804 2688 ‘
823 2671 957 2703 Cedant
973 2683 1066 2705 arma

366 2713 477 2754 togae!
501 2714 596 2748 Idem.

615 158 757 188 NOTAE
790 160 1053 190 VARIORUM
1087 162 1139 191 IN
1173 163 1247 193 CL.
1276 162 1460 194 CLAUD·
1492 165 1605 197 xxl.

1177 260 1237 288 331
1277 259 1436 289 Remeusse
1457 259 1612 300 fatemur]
1654 259 1709 291 Sic
1741 259 1835 300 prior

1138 306 1283 338 Moreti:
1300 309 1399 347 vulgo
1413 309 1548 339 rediisse.
1570 309 1712 348 Gyrald.
1725 314 1760 340 et
1772 311 1834 341 Lu-

1136 366 1223 387 cens.
1248 358 1494 397 Romuleoeleges
1506 359 1632 390 rediere.
1655 359 1702 390 D.
1714 359 1834 391 Heius.

1178 410 1240 438 332
1266 408 1429 440 Procerum
1445 410 1544 448 jussis
1560 410 1753 448 famulantia
1770 420 1834 441 cer-

1134 457 1234 486 uimus
1263 459 1365 497 arma]
1411 460 1650 490 Reverentiam
1688 460 1832 491 Patrum

1137 506 1249 537 laudat
1268 507 1298 536 in
1315 509 1510 541 Stilichone.
1534 511 1649 540 Barth.

1178 559 1238 587 333
1263 558 1388 588 Junceis
1404 561 1613 590 transmittere
1627 560 1740 600 signis]
1775 560 1832 591 Sic

1134 606 1359 646 conjeceram,
1372 618 1445 638 cum
1464 609 1495 638 id
1511 619 1584 639 mox
1597 609 1832 640 confirmatum

1134 665 1153 684 a
1181 656 1288 692 Regio
1320 659 1406 688 libro
1438 660 1673 690 animadverti.
1720 660 1832 698 Vulgo

1131 707 1259 736 ermetis.
1286 707 1363 737 Via.
1387 710 1487 739 Cons.
1514 708 1663 749 Olybrii,
1693 719 1738 739 vs.
1756 711 1832 739 231.

1133 755 1176 786 D.
1191 757 1300 788 mins.

1175 807 1237 834 334
1261 806 1428 845 Maniplis]
1453 807 1543 840 Quid
1565 809 1769 849 manipulus,
1796 816 1832 840 et

1133 854 1222 885 unde
1249 855 1375 896 dictus,
1402 856 1504 888 habes
1530 858 1619 898 apud
1637 858 1831 899 Vegetium.

1131 905 1248 936 Barth.

1173 958 1233 986 335
1266 956 1419 996 Consilio]
1466 957 1666 996 Prudentia,
1683 958 1831 991 Judicio.

1131 1006 1185 1035 Sic
1203 1007 1294 1037 nullo
1311 1008 1451 1038 consilio
1476 1018 1590 1048 agere,
1618 1014 1745 1040 temere
1761 1020 1829 1041 om-

1130 1056 1185 1085 nia
1200 1057 1434 1088 administrare
1450 1059 1553 1090 valet.

1172 1108 1286 1147 Stetit]
1325 1109 1496 1148 Com-cita,
1525 1110 1672 1150 alioquin
1698 1110 1830 1142 ruitura

1129 1156 1161 1187 in
1177 1158 1308 1188 bostem
1326 1164 1431 1190 recta.
1455 1160 1571 1190 Barth.

1175 1209 1309 1239 Consilio
1339 1211 1428 1240 stetit
1457 1211 1505 1241 ira
1533 1211 1647 1250 minor]
1672 1211 1725 1242 Ira
1740 1221 1829 1242 ruens

1130 1259 1258 1298 primus
1308 1261 1465 1292 Vatican.
1519 1272 1595 1292 eum
1648 1262 1828 1294 duodecim

1129 1310 1284 1349 scriptis:
1309 1316 1346 1341 ut
1371 1312 1459 1351 apud
1486 1313 1607 1344 Horat.
1629 1314 1637 1329 ‘
1665 1313 1724 1343 vis
1751 1323 1829 1345 con-

1127 1357 1179 1387 sili
1195 1368 1318 1398 expers
1335 1363 1423 1391 mole
1441 1362 1507 1391 ruit
1525 1363 1606 1394 sua!
1632 1364 1675 1394 Ι).
1693 1363 1806 1394 Heius.

1170 1412 1232 1439 330
1259 1411 1300 1441 Τι’
1315 1411 1404 1451 duce]
1429 1412 1556 1444 Audito
1574 1418 1632 1444 tuo
1646 1413 1828 1446 rebellibus

1126 1458 1222 1490 fatali
1243 1463 1389 1493 nomine.
1413 1464 1528 1497 Barth.

1173 1511 1213 1541 Te
1245 1513 1331 1551 duce,
1365 1515 1514 1555 suscepto]
1561 1516 1710 1556 Suspecto
1743 1517 1828 1548 Isin-

1125 1561 1209 1599 grin.
1238 1563 1334 1602 prim.
1358 1564 1467 1595 vatic.
1497 1572 1532 1597 et
1557 1567 1718 1598 tredecim
1746 1569 1824 1599 alii:

1126 1610 1229 1642 bene:
1254 1613 1318 1644 hoc
1335 1619 1399 1652 est,
1426 1625 1466 1646 ne
1484 1626 1624 1656 magnus
1650 1617 1705 1648 ille
1723 1627 1826 1658 appa-

1125 1667 1217 1691 ratus
1231 1669 1410 1703 suspectus
1427 1670 1526 1696 esset.
1550 1666 1594 1696 D.
1612 1665 1726 1698 Heins.

1167 1715 1229 1742 339
1252 1713 1374 1744 Solatia
1411 1715 1533 1755 mortis]
1580 1716 1729 1748 Ultionis
1765 1718 1825 1749 ali-

1125 1762 1226 1802 quid,
1251 1763 1408 1795 damnum
1425 1771 1542 1797 contra
1565 1767 1654 1798 hosti
1679 1768 1824 1809 illatum,

1124 1813 1212 1853 quod
1231 1823 1334 1853 genus
1350 1816 1465 1846 mortis
1481 1817 1553 1856 jam
1572 1819 1656 1849 certi
1673 1829 1734 1859 pro
1751 1820 1823 1860 ejus

1123 1863 1242 1894 solatio
1258 1865 1440 1898 habebant.
1466 1868 1580 1898 Barth.

1165 1916 1227 1943 3-10
1253 1915 1315 1945 Res
1330 1916 1409 1946 mira
1425 1917 1541 1956 relatu]
1566 1919 1665 1949 Prior
1681 1920 1823 1960 Moreti‚

1122 1972 1170 1993 res
1185 1964 1282 2002 digua
1295 1967 1404 2004 relatu,
1435 1968 1482 1998 Ne
1497 1968 1637 2008 timeare,
1654 1980 1762 2006 ειη-οη
1786 1976 1822 2002 et

1123 2022 1183 2052 pro
1210 2013 1329 2053 profuit
1358 2016 1447 2047 idem
1474 2020 1612 2049 contulit.
1643 2029 1688 2050 lv.
1720 2021 1823 2052 Cous.

1124 2064 1254 2097 Honor.
1292 2068 1300 2083 ‘
1319 2067 1423 2098 vitam
1455 2068 1516 2099 tibi
1556 2071 1701 2101 contulit
1731 2070 1821 2102 idem

1123 2114 1377 2158 Imperiumque
1395 2118 1488 2150 dies.’
1513 2121 1556 2150 D.
1573 2120 1685 2152 Heius.

1164 2170 1224 2198 341
1252 2170 1301 2200 Ne
1317 2171 1444 2202 timeare
1459 2172 1564 2212 times]
1588 2174 1738 2205 Pacatus
1757 2174 1823 2206 Pa-

1121 2220 1303 2259 negyrico:
1329 2223 1337 2237 ‘
1357 2222 1432 2254 Quo
1455 2223 1590 2262 quidem
1615 2229 1691 2254 tuus
1717 2226 1823 2256 maxi-

1120 2280 1172 2300 me
1189 2272 1362 2302 exercitus
1381 2273 1562 2312 gaudebat,
1586 2284 1661 2303 cum
1678 2284 1712 2304 se
1730 2276 1820 2306 ultro

1120 2321 1253 2353 videret
1272 2323 1403 2361 lacessi,
1428 2324 1483 2363 qni
1502 2324 1582 2354 nihil
1599 2326 1704 2363 magis
1722 2326 1822 2357 timn-

1119 2378 1195 2403 crat
1223 2383 1321 2413 quam
1354 2373 1487 2404 timeri!
1538 2376 1676 2406 stilicho
1705 2382 1819 2409 autem

1119 2423 1305 2461 metuebat,
1321 2433 1361 2453 ne
1376 2424 1477 2454 nimio
1493 2430 1587 2455 motu
1603 2426 1736 2457 virtutis
1749 2437 1818 2458 suae

1117 2472 1248 2503 bostem
1264 2473 1396 2503 noxium
1415 2474 1602 2505 amitteret.
1628 2477 1743 2508 Barth.

1163 2523 1212 2552 Ne
1227 2523 1355 2554 eimau-c
1367 2525 1471 2564 times]
1500 2525 1585 2556 Inde
1603 2527 1759 2559 Sidonius
1776 2528 1819 2560 de

1119 2581 1197 2611 rege
1215 2572 1416 2611 Gothorum,
1443 2577 1451 2592 ⁴
1471 2576 1586 2606 Timet
1612 2578 1748 2617 timeri‚'
1772 2579 1820 2609 in-

1119 2622 1201 2662 quit.
1247 2622 1389 2654 Tacitus
1407 2625 1506 2664 plane
1523 2626 1563 2656 ad
1591 2637 1660 2657 rem
1677 2638 1683 2657 :
1707 2629 1715 2644 ‘
1734 2628 1817 2659 nibil

1119 2682 1216 2713 aeque
1231 2673 1427 2712 cavebatur,
1443 2685 1540 2715 quam
1556 2686 1597 2707 ne
1613 2677 1736 2709 bellum
1749 2688 1817 2709 me-

1119 2729 1156 2755 tu
1172 2725 1352 2757 eluderet.’
1398 2727 1566 2760 Pacatus:
1592 2730 1600 2746 ⁶
1614 2730 1704 2761 'runs
1720 2739 1818 2763 exer-
