1763 3116
388 157 451 186 DE
486 155 648 187 RAPTU
683 154 1005 185 PROSERPINAE
1038 156 1133 184 LlB.
1160 156 1190 185 1.

67 257 130 287 ter,
141 255 173 282 et
182 251 545 286 secundusVatiranus3
557 252 592 278 ut
603 247 691 287 apud
702 248 763 278 Lu-

69 310 144 332 can.
157 310 210 331 111.
225 303 232 317 ‘
246 306 356 331 tannen
369 300 439 329 exit
452 299 484 328 iu
498 297 603 330 iram.'
622 297 761 333 Plinius,

67 351 150 382 Nat.
168 351 256 382 Hist.
275 350 331 380 lib.
346 358 403 379 vn.
419 357 494 387 cap.
514 350 562 378 19.
586 348 594 363 ‘
614 347 693 377 Exit
710 347 763 376 liic

67 401 166 432 animi
197 407 294 431 tenor
323 397 500 438 aliquando
528 397 561 427 in
590 395 761 436 rigorem.'

66 451 212 490 Vulgata
237 454 349 479 tamen
367 448 470 478 lectio
487 457 551 477 non
573 452 626 477 est
642 446 762 477 sollici-

68 499 179 530 tanda.
206 498 352 529 Martial.
378 496 537 536 Spectac.
575 496 629 527 ι()
662 506 761 536 quam

66 548 234 580 terribiles
272 547 400 577 exarsit
437 556 562 586 pronus
600 546 633 576 in
673 545 762 576 iras!

64 597 147 628 Mox
174 596 313 627 connubii
341 605 402 636 pro
423 596 581 627 connubiis
606 595 762 626 meliores

62 647 164 685 libri;
200 647 288 688 quod
324 649 432 678 altero
470 647 667 687 elegantius.
715 647 762 676 D.

65 697 178 728 Heius.

108 750 149 779 34
173 748 358 788 Sterilesque
380 748 432 778 (liu
455 748 639 777 consumeret
657 745 765 785 annos]

65 797 246 829 Incusatur
275 803 310 829 et
345 799 408 828 lioc
447 798 520 827 loco
549 796 765 834 Claudianus,

66 848 154 888 quod
171 849 388 879 sterilitatem
412 857 451 878 co
469 848 501 877 in
528 856 631 886 reguo
657 846 765 886 indig-

64 898 136 927 nari
151 897 255 928 faciat
270 897 531 935 Plutoueni,ubi
547 901 714 936 perpetua
727 906 765 926 ea

65 947 118 978 sit.
165 948 239 987 Ego
265 957 346 977 vero
375 946 515 984 poetas,
540 950 578 976 ut
602 950 680 975 sunt
698 956 765 975 ain-

65 996 156 1035 bigui
186 997 252 1027 oris
283 997 315 1026 in
347 996 485 1034 talibus,
523 996 659 1025 minime
696 1000 764 1025 tam

64 1048 183 1078 stricte
196 1047 297 1077 etiam
309 1046 397 1087 apud
411 1045 537 1077 inferos
548 1046 677 1077 sterilia
690 1055 764 1075 con-

57 1097 154 1138 jugia
166 1106 292 1137 ponere
304 1097 385 1136 scio,
396 1097 475 1137 quin
488 1102 522 1126 et
536 1096 570 1126 in
583 1096 665 1126 locis
681 1105 766 1125 mor-

66 1148 109 1179 tis
126 1149 218 1179 nasci
233 1148 336 1179 faciat
363 1147 524 1186 sobolem,
551 1151 589 1177 ut
605 1146 766 1186 Nympha

66 1198 112 1228 ibi
139 1198 281 1239 Orphne
315 1202 498 1238 pepererat
518 1206 598 1227 sane
628 1196 766 1227 Ascala-

66 1249 179 1289 plium.
205 1249 319 1280 Barth.

109 1301 149 1329 35
177 1299 342 1338 Nullusque
373 1297 497 1337 mariti]
542 1297 648 1328 Vetus
680 1297 766 1327 liber

65 1349 192 1380 habet:
217 1351 373 1389 nudasque
383 1350 523 1379 maritoe:
548 1348 640 1388 quasi
654 1348 767 1377 illece-

68 1400 138 1430 brae
153 1404 188 1430 et
214 1399 388 1430 blanditiae
405 1398 472 1429 sint
499 1398 605 1437 magis
621 1397 767 1437 propriae

68 1449 275 1481 feminarum.
303 1450 423 1479 Clarer.

110 1502 152 1530 36
177 1500 310 1539 Nomen]
335 1499 450 1538 Ipsum
479 1498 641 1538 parentiS,
664 1502 702 1528 ut
719 1497 767 1528 sic

67 1549 189 1587 dicam,
204 1555 340 1580 statum.
367 1549 482 1580 Barth.

111 1602 150 1630 37
175 1598 352 1638 Barathro]
376 1598 492 1638 Ipsum
523 1596 705 1627 inferorum
724 1597 768 1627 lo-

68 1659 142 1680 cum
170 1649 364 1679 Barathrum
391 1647 523 1686 dicunt,
550 1656 616 1687 qua
643 1645 769 1686 Graeci‚

69 1709 135 1740 qua
152 1699 261 1729 Latini
279 1698 410 1729 Po'e‘tae.
434 1698 533 1728 Idem.

111 1751 152 1779 39
176 1748 321 1779 sontibus
338 1747 477 1788 Hydris]
510 1747 622 1778 Pastis
639 1746 771 1787 sangui-

69 1808 111 1829 ne
126 1799 290 1830 scelerate
320 1797 468 1838 profuso.
515 1797 624 1827 Sontes
649 1798 769 1828 noxios

69 1849 244 1880 denotant.
290 1849 347 1879 Sic
364 1853 526 1879 nocentes
544 1847 691 1878 vicissim
710 1856 770 1888 pro

69 1899 220 1930 sontibus
237 1904 417 1939 ponuntur.
443 1899 541 1929 Idem.

112 1953 153 1980 40
179 1950 343 1989 Quatiens]
388 1950 511 1980 Facem
549 1949 655 1979 instar
684 1949 770 1990 signi

71 1999 186 2030 bellici
202 2000 363 2030 extulisse
379 1999 597 2039 'l‘isiplionem
612 1998 705 2029 dicit.

115 2049 232 2086 Infesta
245 2049 356 2079 lamine
364 2048 486 2088 pimini]
510 2048 650 2086 Infausta
666 2047 771 2079 Aldus

74 2108 149 2129 cum
182 2099 358 2130 Parrhasio
390 2104 425 2129 et
463 2099 627 2138 scriptis3
665 2104 771 2130 recte.

74 2148 242 2179 Ovidiana
265 2149 477 2189 Hypsipyle:
508 2149 578 2179 ‘At
603 2149 683 2178 mihi
710 2158 772 2179 nec

71 2198 174 2238 Juno,
190 2208 252 2229 nec
268 2200 415 2238 Hymen,
428 2199 486 2229 sed
503 2199 608 2229 tristis
628 2199 772 2239 Erinnys

74 2248 236 2281 Praetulit
253 2249 416 2279 infaustas
443 2249 702 2288 sanguinolenta
727 2248 774 2280 fa·

75 2298 153 2330 ces.'
199 2299 341 2337 Statium,
363 2299 468 2329 Theb.
498 2308 550 2329 111.
573 2300 772 2340 ‘Movitque

75 2348 219 2379 infausta
248 2349 413 2379 sinistram
439 2349 529 2381 Juno
559 2348 692 2380 facem.’
727 2350 771 2380 D.

77 2398 190 2430 Heius.

122 2448 252 2488 Pinum]
278 2449 360 2480 Haec
377 2450 494 2480 infelix
511 2451 610 2481 arbor
626 2450 773 2481 ludibrio

79 2498 260 2528 Poetarum
289 2498 380 2530 faces
416 2501 591 2530 Furiarum
626 2501 775 2532 instruit.

79 2548 184 2578 Faces
206 2553 315 2579 autem
343 2551 514 2589 praecipua
535 2561 648 2581 earum
674 2561 776 2582 arma.

81 2597 197 2627 Barth.

1400 148 1512 189 1629

812 247 943 278 mortis.
970 248 1065 278 Idem.

855 300 896 327 42
922 298 1006 328 Pene
1018 297 1190 337 reluctatis]
1206 297 1310 329 Valet
1324 298 1411 329 idem
1425 302 1512 340 quod

814 347 973 377 reluctari
990 348 1089 387 ausis,
1105 353 1163 378 aut
1181 348 1438 385 reluctantibus,
1456 355 1513 380 aut

813 408 888 438 quae
904 403 974 428 tum
990 399 1163 429 reluctatae
1178 397 1334 429 fuissent.
1360 399 1457 430 Idem.

856 450 897 478 44
922 448 1027 479 Pubes
1055 448 1200 488 Titania]
1240 448 1407 488 Gigantes
1439 455 1514 490 post

813 497 989 528 victoriam
1004 498 1216 537 l‘lilcgraeam
1228 499 1342 530 aJove
1357 499 1388 529 in
1402 509 1516 530 carce-

815 555 868 577 res
885 548 1059 578 avernales
1073 550 1254 588 compacti.
1280 549 1375 579 Idem.

856 600 898 627 46
921 598 1068 638 AEgoeon]
1093 600 1185 629 Unus
1214 599 1356 629 fratrum
1374 599 1516 639 terrige-

814 657 943 678 narum.
967 648 1139 678 sidonius:
1157 650 1164 665 ‘
1179 649 1352 678 Sternitur
1364 649 1515 688 ffigaeon,

829 698 987 738 {rim-eus,
1012 699 1183 738 Ephialta,
1214 699 1426 740 Miinasque‚’
1453 702 1516 730 Sec.

817 749 913 780 Idem.

859 801 955 829 Arcto
970 800 1006 829 de
1021 800 1159 840 corpore]
1186 800 1399 831 Constrictus
1421 801 1516 831 nimi-

817 859 887 878 rum
919 855 994 880 erat
1023 851 1222 881 arctissime.
1275 851 1367 881 Noai
1394 851 1518 882 innexa

815 904 892 929 sunt
907 900 1046 931 vincula.
1079 900 1207 930 Vincula
1222 905 1334 931 autem
1348 902 1406 932 illa
1419 907 1517 931 erant

815 950 1026 980 adamantina.
1062 950 1238 989 Papinum,
1255 951 1311 982 lib.
1328 961 1376 983 lv.
1401 953 1409 968 ‘
1426 951 1517 984 Quid

817 998 879 1027 tibi
898 1004 1048 1028 monstra
1064 999 1179 1038 Erebi,
1197 1000 1340 1039 Scyllas,
1358 1006 1393 1032 ct
1418 1002 1517 1032 inane

816 1045 967 1077 furentes
984 1048 1184 1086 Centauros,
1201 1049 1374 1089 solidoque
1390 1050 1519 1080 intorta

817 1097 997 1128 adamante
1015 1098 1204 1138 Gigantum
1228 1099 1387 1137 Vincula,
1409 1104 1444 1130 et
1461 1110 1518 1130 an-

816 1152 946 1186 gustam
975 1148 1110 1178 centeni
1136 1147 1305 1188 AEgaeonis
1342 1148 1517 1186 umbram,'

816 1200 878 1228 διο.
925 1199 1035 1231 Quem
1062 1199 1172 1229 locuni
1205 1199 1356 1239 respexit
1383 1199 1519 1230 Claudi-

817 1257 898 1278 anus
914 1253 1040 1278 noster.
1065 1249 1162 1280 Idem.

860 1299 956 1328 Arcto
969 1299 1006 1328 de
1022 1298 1159 1338 corpore]
1183 1299 1288 1330 Prim.
1312 1300 1426 1331 Vatic.
1452 1311 1520 1341 pec·

818 1352 892 1378 tore.
938 1348 1008 1378 Pro
1036 1352 1121 1378 arcto
1147 1352 1269 1388 pectore
1295 1350 1392 1380 multi
1417 1355 1519 1389 aucto,

817 1398 879 1427 hoc
893 1402 945 1428 est
960 1401 1060 1436 aucto,
1070 1398 1237 1438 quomodo
1249 1402 1319 1428 tres
1333 1404 1520 1439 quatuorve

819 1457 859 1478 ex
892 1448 1015 1478 nostris
1039 1448 1231 1479 codicibus:
1272 1453 1356 1479 arcto
1385 1460 1520 1490 corpore,

818 1497 984 1537 quomodo
1001 1502 1123 1528 arctare
1150 1504 1184 1529 et
1202 1503 1370 1537 angustare
1385 1501 1521 1531 animum

820 1547 970 1577 Lucanus
987 1547 1084 1578 dixit.
1130 1548 1213 1578 Mox
1231 1558 1291 1587 pro
1309 1550 1395 1579 rultu
1412 1550 1520 1580 minus

819 1597 903 1628 bene
920 1597 1078 1638 aliifletu.
1119 1599 1310 1638 Complecti
1327 1604 1363 1630 et
1378 1601 1521 1631 osculari

821 1658 942 1688 genua,
959 1649 1186 1688 supplicantis
1205 1649 1379 1681 indicium.

864 1702 903 1730 47
931 1698 1038 1738 Mota]
1065 1700 1264 1729 Centimanos
1286 1699 1452 1740 Gigantas
1468 1702 1521 1732 vel

821 1749 918 1788 pueri
938 1754 1072 1780 norunt.
1098 1749 1206 1779 Motus
1228 1755 1340 1780 autem
1368 1750 1521 1782 hocloco

821 1803 920 1829 notat
966 1799 1193 1838 celeritatem,
1230 1800 1522 1839 promtitudinem.

822 1849 938 1879 Barth.

864 1901 905 1929 48
935 1899 1081 1938 I'etuere]
1105 1899 1258 1939 Respicit
1286 1899 1326 1930 ad
1345 1899 1522 1932 formulam

820 1949 1057 1987 Tribunorurn,
1083 1949 1168 1981 Veto.

864 2002 905 2030 49
928 2000 1011 2030 Ante
1038 2000 1144 2039 pedes]
1176 2000 1445 2040 Supplicantium
1469 2001 1525 2031 ha·

823 2050 929 2081 bitum
947 2051 1128 2090 componit.
1171 2051 1338 2090 Lucanus,
1356 2051 1439 2081 libro
1457 2060 1525 2083 vn.

823 2100 932 2130 verbis
963 2100 1143 2140 Pompeii:
1181 2101 1345 2140 ‘Imperii
1377 2102 1469 2132 salva
1496 2103 1523 2132 si

824 2150 997 2189 majestate
1009 2150 1295 2181 liceretVolverer
1304 2156 1383 2182 ante
1396 2151 1523 2192 pedes!

825 2199 901 2229 Hoc
918 2205 982 2238 est,
999 2201 1142 2240 supplex
1171 2201 1312 2240 genibus
1334 2202 1454 2232 vestris
1472 2212 1526 2233 ae-

824 2249 984 2279 cidcrcm.

868 2300 988 2330 fudere
1003 2310 1138 2331 set-eram
1169 2300 1328 2341 canitiem]
1360 2301 1525 2332 Ultimum

825 2350 1048 2390 supplicantis
1073 2351 1115 2381 ab
1144 2352 1334 2382 bumilitate
1351 2352 1525 2390 indicium,

825 2400 935 2431 crines
952 2402 1084 2432 evulsos
1103 2403 1283 2442 projicere.
1309 2403 1425 2432 Barth.

868 2454 909 2481 50
936 2451 1129 2491 Genibusque
1155 2452 1241 2491 suas]
1272 2453 1525 2482 Vetustissimus
1562 2459 1565 2460 ⁷

826 2511 896 2531 mos
913 2502 1176 2542 supplicantium
1202 2512 1301 2532 manu
1332 2503 1439 2532 altera
1454 2502 1524 2531 bar-

828 2552 917 2584 bam.
934 2553 1041 2582 altera
1058 2562 1167 2591 genua
1183 2552 1354 2591 amplecti.

869 2603 1012 2643 Supplice
1026 2603 1126 2642 vultu]
1150 2603 1265 2642 Major
1278 2612 1354 2642 pars
1367 2602 1525 2631 librorum

122 2649 160 2678 41
186 2647 345 2689 Armatus]
393 2650 459 2679 Suo
497 2649 638 2689 quodam
666 2652 776 2682 modo.
817 2652 918 2692 fletu.-
946 2653 1111 2692 siquidem
1139 2662 1179 2681 ca
1207 2652 1344 2681 numina
1367 2649 1447 2680 flere
1471 2647 1523 2678 fas

81 2697 239 2729 Pallantia
255 2703 367 2729 autem
380 2699 490 2730 omnia
504 2698 624 2741 infera,
636 2710 655 2731 a
666 2702 777 2733 colore

827 2707 891 2733 est.
937 2702 1040 2733 Ovid.
1075 2702 1223 2742 ‘Neque
1251 2701 1340 2732 euim
1373 2698 1525 2730 caelestia
