1763 3116
582 156 963 188 EPIGRAMMATA.

97 260 138 288 39
166 257 260 288 Vetus
275 252 452 294 Argolicos]
476 250 613 282 Cleobis
641 254 676 281 et
694 249 750 281 Bi-

52 313 123 338 ton.
154 306 241 337 Vide
266 304 451 336 Historiam
479 301 569 342 apud
594 300 748 332 Herodo-

52 363 122 388 tum
140 357 196 388 lib.
211 365 237 387 1.
260 353 430 385 Valerium
445 351 632 382 Maximum
646 350 704 383 lib.
717 360 749 383 v.

53 417 126 448 cap.
144 410 174 438 4.
190 409 252 437 &c.
278 404 390 435 Barth.

93 461 133 489 41
161 457 225 487 Cur
239 466 295 485 nnn
318 453 528 493 ,imphinomm
544 463 599 484 cur
613 462 672 483 non
692 452 750 483 tibi

18 511 26 516 ”
44 508 143 546 fortis
156 504 275 544 Anapi]
291 502 314 534 ὦ
325 504 436 534 “Anam
453 504 485 534 in
498 501 751 534 στυλοπινακίοις

52 556 170 596 templi
199 553 436 594 Apolloniadis
463 553 622 584 Eumenis
637 558 673 584 et
689 552 751 583 At-

51 607 111 638 tali
138 615 254 645 regum
276 605 403 644 matris,
427 604 515 645 quod
539 603 628 644 apud
656 603 752 644 Cyzi-

51 666 127 688 cum
166 655 242 695 fuit,
276 655 391 686 tabula
422 655 524 685 etiam
556 654 686 694 Anapis
716 659 752 685 et

52 708 270 749 Amphinomi
294 707 462 747 insculpta
478 711 553 738 erat
581 716 657 737 cum
682 707 752 747 epi-

51 763 247 795 grammate,
264 759 356 798 cujus
373 757 435 787 hoc
452 757 572 787 lemma
587 761 701 788 exstat
718 757 751 787 in

51 809 292 850 antiquissimis
311 807 525 838 membranis.
550 807 680 837 Salmas.

92 859 198 889 Portis
212 860 234 888 Α
242 857 329 898 napi]
344 858 527 888 Contemtu
542 857 675 896 mortis,
693 856 751 887 ob-

50 909 166 949 sequio
184 908 332 947 pietatis.
358 907 474 937 Barth.

93 958 197 989 Fortis
212 956 331 996 Anapi]
356 958 464 996 sinape
481 955 691 995 Gyraldinus
719 959 753 985 et

51 1018 118 1039 sec.
134 1008 212 1037 Vat.
228 1007 365 1036 Vane-rio
393 1011 487 1036 certe
517 1005 665 1036 Maximo
694 1005 750 1035 lib.

50 1067 81 1090 v.
97 1058 225 1097 Anapus
239 1061 303 1087 est.
339 1056 394 1086 Sic
417 1054 539 1086 fluvius
557 1053 700 1094 Anapus
718 1054 751 1084 in

51 1107 291 1149 antiquissimis
308 1106 513 1138 membranis
529 1105 655 1146 Anapis
671 1115 752 1136 non-

50 1167 220 1199 nunquam
237 1158 442 1198 appeliatur.
473 1156 596 1188 Strabo
607 1154 754 1186 Ἀναπίαν

51 1210 195 1241 alterum
209 1218 251 1240 ex
269 1209 333 1250 piis
347 1207 507 1240 fratribus
526 1212 641 1246 vocat3
667 1212 704 1238 ut
720 1210 755 1238 et

1396 147 1507 188 1715

807 250 923 281 Conon
939 248 1032 290 apud
1048 248 1209 280 Photium
1226 249 1258 278 in
1280 248 1505 282 Bibliotheca.

803 301 918 331 Solino
937 309 1068 341 quoque
1084 300 1226 339 Anapias
1240 303 1303 330 est.
1327 298 1393 330 Sed
1409 300 1441 329 in
1457 311 1510 331 ve.

805 351 944 381 terrimo
968 350 1086 381 codice
1109 349 1395 389 epigrammatum
1412 349 1509 379 Grae-

804 410 933 440 corum,
945 401 1002 441 qui
1016 400 1180 430 Palatinae
1195 400 1273 430 olim
1292 399 1507 430 bibliothecae

805 456 892 491 erat,
915 461 1003 482 nunc
1020 456 1070 482 est
1085 451 1278 489 vaticanae,
1302 451 1423 480 lemma
1441 451 1508 481 tale

806 507 941 533 exstat:
965 502 1016 532 Ἐν
1031 500 1063 531 δὲ
1085 503 1128 541 τῷ
1149 500 1264 539 δεκάτῳ
1281 501 1400 539 ἑβδόμῳ
1418 501 1510 531 Ἀνα-

805 564 855 583 πις
879 553 928 583 καὶ
948 552 1144 591 Ἀμφινόμος,
1168 551 1207 589 οἳ,
1235 551 1426 591 ἐκραγέντων
1448 553 1509 582 τῶν

806 603 886 633 κατὰ
910 602 1054 634 Σικελίαν
1078 602 1233 642 κρατήρων
1256 603 1304 632 διὰ
1327 603 1382 632 τοῦ
1405 601 1508 641 πυρὸς,

806 652 893 683 οὐδὲν
909 652 1013 693 ἕτερον
1035 653 1054 689 ἢ
1076 653 1146 683 τοὺς
1173 654 1288 682 ἑαυτῶν
1309 654 1409 691 ’γονεῖς
1431 654 1509 688 βασ·

805 703 959 735 ’πάσαντες
983 703 1111 734 ἔσωσαν·
1148 708 1182 734 et
1212 704 1243 734 in
1272 704 1423 743 margine
1452 704 1510 733 ad-

810 755 992 794 scriptum,
1009 754 1075 794 περὶ
1092 753 1243 784 Ἀνάπεως
1259 753 1308 784 καὶ
1326 752 1510 792 Ἀμφινόμου

806 807 867 835 τῶν
893 807 1093 836 Σικελιωτῶν·
1133 804 1219 844 ζήτει
1248 804 1284 834 τὺ
1311 805 1420 834 λεῖπον
1447 803 1510 833 ἐπί-

806 866 943 894 γραμμα.
969 855 1116 886 AEnanns
1146 856 1178 886 in
1204 855 1314 885 Variis
1343 853 1509 892 Φιλυνόμον

807 905 857 935 καὶ
883 904 1025 935 Καλλίαν
1051 911 1164 940 vocat,
1189 905 1291 935 etiam
1320 905 1410 944 apud
1436 905 1511 935 Sto-

809 955 930 985 baeum.
956 956 998 985 D.
1017 956 1131 985 Heius.

850 1009 891 1036 42
916 1006 1046 1036 Dicat-it
1062 1005 1170 1044 honos]
1193 1003 1323 1035 Dicabit
1350 1006 1404 1035 vel
1419 1006 1512 1035 'dica-

807 1057 852 1086 rit
868 1056 965 1086 malo.
990 1056 1086 1086 Idem.

849 1108 890 1136 45
916 1105 1038 1137 Devius
1051 1106 1160 1146 ardor]
1185 1105 1270 1136 Late
1295 1113 1442 1145 sparsus.
1481 1105 1510 1135 A

807 1154 1000 1187 fluminibus
1031 1165 1131 1187 cursu
1164 1166 1223 1187 suo
1261 1154 1512 1187 aberrantibus,

809 1206 923 1237 Barth.

747 1573 827 1615 LI.

437 1750 1126 1800 EPIGRAMMATA.

489 1928 530 1968 1.
583 1926 650 1968 De
674 1926 874 1967 BIulabus
899 1924 1087 1966 Gallicis.

99 2049 317 2080 Summum
346 2057 418 2079 esse
444 2047 508 2078 hoc
539 2047 758 2088 Epigramma

58 2099 141 2129 satis
159 2103 257 2139 patet
272 2108 314 2129 ex
329 2098 477 2130 Ennodii
494 2098 668 2137 Epigram.
687 2100 758 2129 124.

59 2148 148 2190 quod
178 2149 257 2180 huic
286 2149 483 2189 opponitur.
530 2149 635 2180 Prim.
666 2149 760 2179 Vati-

59 2208 161 2230 canus
191 2199 356 2239 inscribit,
396 2199 447 2230 De
476 2199 616 2230 mulabus
650 2199 760 2231 Gallis.

59 2249 103 2281 D.
126 2249 246 2282 Heins.

103 2299 249 2330 Mirifice
281 2310 333 2331 me
366 2305 523 2332 venustas
553 2300 653 2340 hujus
681 2299 761 2340 Epi-

60 2350 255 2390 grammatis
287 2350 404 2390 afficit,
441 2355 544 2392 atque
575 2349 660 2381 adeo
689 2349 762 2390 qui-

61 2399 150 2438 dem,
180 2404 217 2429 nt
247 2400 379 2439 quoties
412 2400 503 2432 istud
534 2400 763 2440 contemplor,

63 2448 181 2479 audire
209 2449 286 2479 mihi
315 2449 429 2481 videar
455 2455 512 2481 aut
542 2451 693 2482 cominus
718 2449 763 2480 vi-

63 2499 145 2529 dere
172 2508 354 2538 agasonem
381 2501 572 2540 quempiam
596 2501 667 2531 sive
693 2509 763 2530 uiu-

63 2550 187 2580 lionem
202 2550 442 2590 sequanicum,
468 2551 525 2591 qui
555 2551 692 2582 Lemani
720 2551 765 2581 la-

64 2610 122 2631 cus
148 2600 274 2640 piscem
300 2610 360 2639 per
384 2600 536 2631 Rhodani
560 2601 652 2640 ripas
677 2601 763 2641 Lug-

64 2650 191 2682 dunum
222 2652 334 2682 vehat.
383 2651 479 2681 Inter
510 2659 632 2691 nempe
664 2660 765 2692 equas

64 2702 238 2744 mulasque
254 2711 330 2734 suas
357 2701 414 2733 ille
431 2711 498 2733 non
525 2706 594 2733 tam
621 2701 765 2733 stimulis

815 2049 874 2077 aut
890 2044 1087 2077 verberibus
1105 2044 1213 2081 saevit,
1229 2053 1326 2085 quam
1343 2053 1513 2075 murmure

813 2097 960 2137 quodam
989 2101 1023 2126 et
1052 2094 1149 2127 vario
1180 2094 1324 2125 stridore
1357 2095 1516 2135 imperat.

815 2147 933 2178 Barth.

860 2201 876 2228 l
903 2195 1095 2236 Morigeras]
1118 2195 1222 2226 Dicto
1253 2195 1350 2226 velut
1380 2193 1517 2225 audieu-

817 2253 880 2279 tes.

860 2298 1007 2329 Rhodani
1043 2297 1206 2337 torrentis]
1245 2296 1427 2337 Proprium
1456 2294 1519 2325 hoc

817 2348 1022 2389 rapidissimi
1051 2348 1159 2379 amnis
1187 2347 1378 2389 epitheton,
1409 2350 1445 2377 et
1474 2346 1521 2376 ita

818 2398 1004 2429 Ennodius.
1028 2398 1147 2429 Barth.

859 2452 879 2479 2
903 2448 1053 2489 Imperio]
1077 2448 1178 2480 Jussu
1205 2447 1311 2478 herili.
1349 2446 1451 2477 Mulis
1477 2444 1518 2475 ad

818 2500 939 2531 rhedas
964 2506 999 2531 et
1020 2499 1139 2530 esseda
1163 2509 1238 2530 usos
1256 2498 1427 2529 Romanos
1444 2504 1521 2527 con-

819 2556 898 2582 stat.
922 2551 1021 2582 Idem.

863 2605 882 2632 3
907 2602 1045 2632 Dissona
1059 2600 1164 2641 quam]
1185 2601 1231 2631 Ut
1246 2606 1458 2639 unaquaeque
1475 2595 1520 2625 ni-

820 2653 940 2683 mirum
958 2662 1033 2682 suas
1057 2652 1214 2691 proprias
1236 2659 1336 2681 voces
1356 2646 1520 2683 intellige-

820 2707 885 2735 ret.
919 2701 991 2734 Aut
1003 2705 1041 2734 ut
1053 2701 1096 2733 ad
1113 2701 1223 2732 varios
1237 2699 1343 2731 flexus
1360 2703 1520 2728 cursusve
