1763 3116
563 148 998 183 GIGANTOMACHIA.

61 250 109 280 las
138 250 252 290 Raptu
280 247 514 289 Proserpinae:
553 246 563 263 ⁴
581 243 761 285 clypeique

61 300 215 331 retardat
240 299 376 339 objice,
401 295 663 336 Gorgoneisque
686 303 762 333 pre-

61 358 155 380 mens
181 348 332 379 assibilat
357 345 484 386 hydris,
513 344 760 383 Praetentaque

61 400 172 439 operit
188 398 315 429 crista!
349 397 394 428 Et
422 395 520 436 paulo
537 399 637 425 ante:
661 395 670 411 ‘
689 398 761 424 tan-

61 455 132 481 tum
149 448 326 480 stridentia
341 446 427 478 colla
447 446 626 485 Gorgonos
644 444 761 476 obten-

59 505 97 532 tu
125 499 223 540 pallae
248 497 409 538 fulgentis
430 494 625 526 inumbrat)
673 494 761 525 Vide

59 558 134 590 quae
151 552 306 579 notamus
323 557 369 577 vs.
382 549 457 577 226.
473 546 551 577 libri
567 545 707 577 secundi
718 543 760 576 de

59 599 186 638 Raptu.
212 598 254 629 D.
271 596 382 628 Heius.

99 650 141 678 9-1
167 648 335 679 Furentem
363 646 518 686 Longius]
550 646 642 678 Puto
672 656 761 677 ruen-

57 701 144 735 tem;
168 697 392 735 velsurentem
408 697 572 728 Cominus.-
595 696 692 727 multi
708 705 762 726 ve-

60 747 333 785 tercsfcrentem:
357 756 426 777 sec.
452 747 607 777 Vatican.
623 746 761 784 fremen-

59 801 130 828 tem.
139 796 431 835 Fortefrementem
440 798 612 837 Anguibus.
624 797 761 828 Deinde

52 848 189 886 sormam
219 858 280 888 pro
297 848 414 887 faciem
445 849 601 889 plerique
632 848 762 888 scripti.

59 899 160 929 Idem.

100 950 143 977 96
167 947 283 987 Nodis]
312 948 424 978 Saxea
447 946 685 978 induratione:
712 947 760 977 in-

59 997 236 1029 duratione
253 998 285 1027 in
305 1005 432 1028 saxum.
456 997 574 1028 Barth.

100 1049 142 1078 99
160 1047 223 1081 Qui
237 1047 335 1087 serpit
347 1056 405 1086 per
416 1046 551 1077 membru
562 1046 657 1087 silex]
683 1046 761 1082 Quae

58 1097 155 1138 prim.
178 1097 292 1128 Vatic.
321 1097 467 1127 Lucens.
503 1102 539 1128 et
567 1098 663 1129 multi
694 1097 760 1130 alii.

56 1147 152 1179 Infra
179 1147 220 1178 de
242 1147 415 1188 crystallo,
434 1147 604 1189 ‘Torpuit
631 1153 668 1180 et
693 1159 762 1180 ma-

59 1198 133 1229 duit
150 1197 347 1239 prodigiosa
363 1198 448 1229 silex
463 1197 484 1230 :'
512 1204 546 1228 et
562 1208 653 1237 mox,
666 1200 675 1216 ⁴
694 1200 760 1230 Mi-

46 1245 95 1280 'ra
111 1248 196 1278 silex
211 1248 382 1288 mirusque
409 1248 534 1278 latexz‘
562 1248 604 1278 de
628 1247 761 1288 Apono,

57 1300 66 1315 ⁴
84 1298 250 1329 Luxuriat
275 1298 425 1337 gramine
447 1303 550 1328 cocta
574 1297 692 1329 silex?
717 1298 760 1329 de

58 1353 229 1388 magnete,
254 1348 263 1365 ‘
280 1348 417 1388 Flagrat
433 1348 553 1378 anhela
569 1347 656 1378 silex
669 1347 690 1378 :’
717 1347 760 1378 de

60 1399 236 1439 quadriga,
264 1399 272 1415 ‘
289 1398 366 1429 Una
389 1398 472 1429 silex
491 1402 543 1429 tot
559 1398 708 1428 membra
725 1398 761 1428 li-

60 1449 142 1490 gat!
167 1450 213 1480 D.
230 1449 345 1480 Heius.

103 1502 162 1530 101
191 1499 360 1539 Scri-usque
389 1498 574 1538 Damastor]
612 1497 761 1529 Adamas-

56 1551 107 1580 tor
123 1552 175 1580 est
199 1548 338 1579 Sidonio
360 1547 563 1588 Apollinari,
580 1548 638 1588 qui
654 1548 761 1579 multa

57 1600 210 1632 imitatur
224 1599 321 1639 hujus
347 1598 640 1639 Gigautomachiae
657 1607 760 1629 carm.

60 1659 120 1682 xv.
166 1650 207 1682 In
238 1648 376 1689 scriptis
405 1648 573 1681 nonnullis
603 1649 763 1679 ιῙαηιαεεον·

62 1701 114 1732 vel
130 1701 308 1731 Jemaster:
340 1699 485 1739 snei-itque
509 1699 612 1740 etiam
628 1708 690 1739 pro
706 1708 762 1729 soe-

59 1761 171 1791 vusque
188 1751 220 1781 in
238 1750 348 1791 primo
359 1749 539 1780 Vaticano.
563 1749 662 1782 Idem.

103 1805 164 1833 104
188 1800 330 1831 Miratur
343 1799 482 1838 Echion]
505 1800 597 1839 Lege
611 1799 761 1829 miratus:

59 1856 95 1883 et
112 1851 159 1883 sic
175 1856 246 1892 opt.
264 1850 422 1882 Ambros.
436 1858 546 1890 neque
559 1848 660 1881 aliter
673 1848 762 1880 curis

61 1912 128 1934 sec.
147 1902 264 1933 Barth.
288 1903 386 1932 Idem.

103 1955 166 1983 106
193 1952 247 1990 Te,
263 1952 347 1989 Dea,
363 1949 515 1991 respexit]
539 1948 658 1980 Malim
672 1947 764 1988 AEgi·

61 2002 100 2032 du
116 2003 265 2041 respexit.
288 2001 397 2032 Idem.

108 2052 197 2082 Nulli
227 2052 288 2082 Bis
316 2050 419 2090 licuit]
460 2051 591 2081 Noster
621 2049 663 2080 ad
687 2056 762 2080 sax-

60 2103 173 2136 ificnm
192 2104 351 2143 clypeum
369 2102 521 2142 respicit.
547 2101 663 2132 Barth.

106 2157 166 2185 107
190 2153 320 2184 Sublata
336 2151 480 2191 audacia]
504 2151 581 2181 Una
597 2160 674 2182 cum
689 2159 764 2181 auc-

63 2209 137 2236 tore
153 2214 225 2240 suo,
243 2203 359 2234 dicere
376 2203 460 2233 vult.
486 2203 581 2232 Idem.

108 2257 168 2285 108
197 2255 236 2284 Et
267 2253 378 2284 didicit
408 2262 475 2283 cum
508 2255 606 2282 morte
645 2250 762 2290 Deam]

65 2302 215 2344 Agnovit
244 2304 390 2334 divinam
415 2302 562 2333 numinis
585 2302 764 2334 intemera-

63 2353 233 2394 bilemqne
251 2354 474 2394 majestatem.

108 2404 170 2434 Sed
187 2404 326 2434 turbidus
340 2403 444 2444 Idam]
475 2403 605 2444 Scribe,
621 2402 764 2434 turbidus

63 2456 124 2488 ira.
150 2455 266 2485 Barth.

109 2505 170 2535 Sed
197 2504 338 2534 turbidus
369 2505 457 2535 Idam
493 2505 672 2544 Paneneus]
697 2503 765 2534 Alii

66 2556 127 2585 Ida
170 2554 224 2584 vel
254 2554 326 2584 Idas
355 2555 407 2584 vel
437 2555 525 2585 Idan.
570 2555 688 2585 Scribe
717 2554 766 2584 ira

67 2614 142 2637 cum
170 2604 312 2645 Gyrald.
343 2605 510 2646 quomodo
541 2609 577 2635 et
607 2604 767 2636 Bartliius

68 2655 157 2688 curis
179 2653 340 2690 secundis
367 2654 599 2696 reponendum
623 2654 767 2687 censuit.

1398 135 1512 181 1683

815 250 902 280 Iram
918 249 1017 289 prim.
1034 247 1146 279 Vatic.
1163 246 1195 277 in
1217 247 1385 277 nonnullis
1403 248 1507 278 Idam:

813 304 849 331 et
875 299 1029 329 Palladiis
1055 307 1116 337 pro
1141 297 1306 327 Palleneus
1337 296 1510 337 plerique:

811 350 910 391 prim.
926 349 1039 379 Varie.
1065 348 1244 378 Pallaneus.
1268 347 1310 377 D.
1329 345 1450 376 Heius.

855 402 918 430 109
935 396 1115 436 Palluneus]
1133 397 1244 428 Notus
1262 396 1381 435 Gigas.
1396 394 1515 426 Barth.

855 452 918 480 110
942 446 1142 486 Ingreditur]
1168 446 1260 476 Malo
1276 444 1484 484 Aggreditur.

855 502 916 530 114
934 498 1055 539 Spiris]
1092 496 1279 536 Anguibus,
1301 494 1424 536 quibus
1442 494 1516 525 ibat

811 550 887 581 loco
904 550 1042 589 pedum.
1065 547 1181 578 Barth.

869 602 930 630 115
963 597 1178 638 Porphyrion]
1224 595 1384 626 Immanis
1426 593 1516 626 inter

811 650 991 690 Gigantes,
1007 653 1041 679 ct
1057 648 1179 679 ductor
1193 647 1286 677 velut
1299 650 1516 677 caeterorum·

812 701 913 731 Idem.

857 751 996 780 Conatur
1009 749 1119 780 vellere
1135 746 1252 787 Delon]
1283 746 1411 778 Vincere
1426 744 1519 785 prior

810 799 958 832 Moreti:
1002 808 1145 840 rumpere
1194 799 1340 828 Lucens.
1392 795 1516 835 Isingr.

812 851 911 891 prim.
940 850 1053 881 Vatic.
1083 855 1119 880 et
1150 848 1266 880 caeteri
1297 855 1422 878 omnes,
1472 845 1516 877 D.

812 900 926 932 Heius.

856 953 917 980 117
941 949 1085 988 AEgoeus]
1123 948 1224 978 Mare
1254 947 1419 986 AEgaeum.
1460 944 1517 976 Ab

810 999 932 1039 AEgeo,
956 997 1114 1037 Neptuni
1138 996 1222 1036 filio,
1252 1000 1351 1036 patre
1382 994 1519 1035 Thesei,

812 1050 951 1080 dictum.
975 1049 1093 1079 Barth.

855 1102 916 1131 118
933 1099 1088 1138 Longoevo
1100 1108 1168 1129 cum
1180 1100 1272 1137 patre
1286 1095 1408 1135 Thetis]
1426 1094 1517 1126 Oce-

811 1159 886 1189 ano,
902 1149 959 1190 qui
975 1150 1126 1181 Deorum
1142 1146 1382 1187 hominumque
1399 1145 1518 1177 Pater.

811 1201 909 1231 Idem.

854 1253 917 1280 120
941 1249 1070 1280 Placido
1090 1251 1205 1279 cunctae
1227 1249 1265 1278 de
1286 1245 1403 1278 vertice
1420 1246 1520 1287 Nym-

807 1300 893 1340 phoe]
918 1299 986 1330 Alii
998 1300 1131 1339 placidae
1147 1301 1274 1329 cuncto.-
1309 1307 1395 1327 unus
1420 1296 1520 1336 placi-

809 1352 857 1381 dre
872 1354 999 1381 cunctce.
1046 1350 1137 1388 Lege
1151 1349 1293 1388 ptacidae.
1301 1347 1420 1388 Cynthi
1438 1357 1516 1378 cum

812 1402 942 1433 duobus
960 1406 1033 1440 opt.
1052 1399 1206 1430 Ambros.
1224 1402 1260 1429 et
1277 1397 1458 1428 Rhemeusi
1482 1396 1519 1428 li-

811 1451 883 1482 bro.
909 1452 950 1481 D.
967 1451 1082 1481 Heius.

881 1500 1018 1540 Vei-tice]
1071 1500 1226 1537 Vortice,
1261 1499 1388 1538 pelago
1423 1498 1521 1529 nimi-

811 1561 895 1581 rum.
941 1551 1006 1580 Vel
1023 1550 1187 1580 verticem
1200 1548 1280 1578 Deli
1292 1548 1415 1588 innuit,
1431 1549 1521 1589 Cyn-

812 1601 905 1632 thum
921 1600 1088 1630 nimirum.
1112 1598 1228 1628 Barth.

856 1653 917 1681 122
942 1649 1144 1688 Primumque
1170 1647 1324 1687 gementi]
1369 1648 1521 1688 Puerpe-

812 1701 860 1732 rio
877 1700 1000 1731 vicino.
1044 1699 1083 1730 In
1101 1699 1189 1729 Delo
1205 1698 1293 1728 enim
1312 1698 1449 1739 peperit
1464 1708 1522 1737 ge·

812 1751 920 1782 minos
937 1760 1015 1781 suos
1032 1750 1172 1780 Latona.
1206 1749 1304 1781 Idem.

857 1803 918 1833 123
943 1800 1077 1832 Lumina
1090 1798 1173 1839 coeli]
1197 1799 1308 1830 Solem
1327 1803 1362 1830 et
1380 1800 1520 1831 Lunam.

813 1853 911 1884 Idem.

856 1905 917 1934 125
943 1901 1110 1941 Implorat]
1148 1899 1259 1931 Abest
1283 1899 1338 1930 hic
1366 1909 1483 1931 versus
1501 1910 1521 1930 a

813 1952 955 1993 Gyrald.
974 1952 1119 1982 Lucens.
1143 1955 1180 1982 et
1201 1950 1332 1981 duobus
1356 1949 1441 1981 aliis.
1475 1949 1520 1980 D.

813 2003 928 2034 Heius.

855 2052 989 2093 Paeana]
1014 2050 1116 2084 Quod
1133 2049 1292 2081 monstris
1309 2048 1445 2080 domitis
1460 2057 1520 2079 no-

812 2115 888 2137 men
906 2110 959 2136 est
975 2109 1118 2141 nactus3
1147 2102 1189 2133 ad
1206 2111 1281 2143 quae
1300 2100 1467 2132 domanda
1484 2103 1521 2131 et

814 2159 924 2185 natus.
948 2153 1064 2184 Barth.

871 2207 934 2235 126
972 2202 1196 2246 Auxiliumque
1236 2200 1344 2240 rogat]
1391 2199 1520 2238 Rogant

815 2255 935 2295 scripti
957 2254 1100 2295 aliquot.
1145 2254 1237 2292 Lege.
1263 2261 1389 2291 rogans.
1435 2251 1521 2281 Mox

813 2308 917 2336 nostro
937 2304 1006 2334 sinu
1030 2303 1130 2343 prim.
1158 2301 1273 2333 Vatic.
1300 2306 1336 2332 et
1360 2300 1520 2332 Ambros-

815 2357 861 2387 D.
880 2355 992 2386 Heius.

858 2409 921 2437 128
946 2407 996 2436 En
1012 2405 1127 2437 iterum
1152 2404 1293 2435 convulsa
1306 2402 1413 2443 feror]
1448 2402 1523 2434 Cae-

817 2461 891 2488 tera
906 2456 1006 2496 hujus
1024 2455 1187 2496 poematii
1210 2455 1245 2485 in
1271 2453 1410 2492 scriptis
1434 2450 1522 2482 desi·

816 2507 1002 2538 derantur:
1037 2506 1128 2547 quod
1152 2504 1280 2545 vulgati
1307 2503 1439 2534 addunt
1454 2512 1522 2532 suc-

815 2567 903 2588 curre
917 2557 1058 2596 roganti,
1082 2566 1125 2587 ex
1142 2555 1310 2596 superiori
1338 2562 1438 2586 versu
1467 2551 1518 2584 in-

817 2607 906 2640 sulse
922 2606 1120 2649 repetitum.
1166 2605 1266 2636 Idem.
