1859 3148
374 184 488 227 1490

374 289 556 330 pertineat.
579 291 694 324 Barth.

416 342 480 371 326
504 341 554 371 Ad
568 352 623 372 sua
645 346 726 373 tecta
742 342 844 383 vocat]
870 342 947 374 Non
970 344 1004 374 in
1021 354 1077 375 au-

373 389 452 429 lam,
481 400 544 421 non
576 392 609 422 in
637 392 787 433 Curiam,
813 402 878 424 non
903 393 936 425 in
965 395 1075 425 locuni

374 440 520 482 aliquem
553 443 692 483 publica
718 444 880 484 religione
901 446 1077 476 venerabi-

375 489 454 521 lem.
480 491 579 522 Idem.

416 542 479 571 327
505 541 623 576 Quibus
631 546 676 573 est
686 543 820 582 insignis
828 544 938 575 edendi
949 544 1075 585 Gloria]

373 588 455 619 Tale
482 592 663 622 concilium
691 593 732 623 ad
750 595 940 626 convivium
958 596 1077 626 Domi-

372 638 456 669 tiani
473 640 576 671 habes
594 642 624 671 in
642 643 753 682 Satyr.
770 653 818 675 lv.
834 644 1025 684 JuvenaHs,
1043 645 1075 674 in

374 691 465 730 quod
492 692 585 722 venit
612 694 726 732 etiam,
749 695 757 710 ‘
777 699 897 725 venter
922 695 1076 726 Montani

372 740 554 772 abdomine
571 743 711 776 tardus?
736 746 833 776 Idem.

419 790 601 831 Lasciriqae
625 802 712 824 senes
737 795 846 833 quibus
870 797 917 825 est
943 794 1078 833 insignis

370 840 480 869 edendi
499 842 622 879 Gloria,
647 843 866 881 corruptasque
890 844 983 881 dapes
997 843 1078 872 vari-

370 896 437 917 asse
459 889 617 927 decorum]
652 889 753 922 Quod
782 895 896 921 autem
924 891 1078 929 insignem

370 938 478 967 edendi
490 939 624 975 gloriam
639 938 671 969 in
689 940 858 979 vituperio
874 941 999 980 posuit,
1010 950 1077 972 non

370 992 467 1018 caret
478 989 618 1027 egregio
630 990 845 1029 antiquitatis
858 1000 970 1021 sensu.
990 991 1077 1022 Nam

373 1038 482 1068 edaces
497 1038 574 1068 olim
593 1039 706 1069 Asinos
721 1040 955 1080 appellabant,
970 1045 1007 1071 ut
1022 1041 1079 1072 ab·

365 1086 547 1126 jectissimi
571 1088 725 1118 animalis
743 1098 865 1119 nomen
883 1090 1078 1130 indignissi-

371 1135 434 1166 mis
459 1136 649 1167 liominibus
673 1138 917 1178 imponeretur.
963 1140 1078 1172 Quare

370 1185 587 1216 Erisichtlion
606 1187 662 1217 ille
681 1189 880 1220 voracitatis
903 1195 1078 1230 portento·

373 1244 421 1266 sae
439 1236 556 1266 κανθὼν
573 1236 698 1268 dicitur
720 1238 863 1278 AEliano,
885 1239 941 1270 lib.
958 1249 982 1271 1.
998 1240 1077 1271 Var.

369 1285 449 1317 hist.
466 1296 540 1325 cap.
557 1290 609 1317 27.
655 1288 774 1319 Justus
792 1289 949 1320 Vulteius
975 1290 1077 1320 inter-

373 1344 454 1375 pres
471 1336 595 1376 reddit,
608 1338 723 1368 asinus.
750 1338 842 1369 Hinc
858 1339 1077 1379 proverbium

373 1386 463 1425 apud
478 1385 585 1417 Arist.
603 1387 661 1418 lib.
674 1397 730 1419 111.
748 1388 871 1419 Moral.
887 1388 955 1419 ὅνὸς
970 1388 1080 1419 πείνων

370 1434 509 1475 ῥοπάλου
524 1436 653 1474 ἂμελεῖ;
669 1438 786 1466 Asinus
789 1437 955 1473 famelicus
959 1437 1079 1475 fustem

372 1485 550 1516 contemnit,
575 1485 772 1525 Dempster.

414 1536 477 1565 328
503 1535 686 1574 Corruptus]
710 1535 787 1565 Non
801 1535 843 1565 ad
860 1535 1077 1575 pastum,sed

371 1585 415 1616 ad
442 1586 647 1626 ingluviem;
671 1595 738 1615 non
756 1586 796 1615 ad
815 1586 942 1625 cibum,
958 1586 1015 1617 sed
1035 1586 1077 1617 ad

372 1636 496 1676 gulam.
553 1636 726 1675 Corrupta
755 1635 843 1665 enim
881 1636 915 1666 iu
947 1636 1076 1667 deliciis

373 1686 454 1724 gula
471 1686 658 1725 corrumpit
682 1685 847 1716 hominem
867 1690 976 1716 totum
993 1686 1077 1717 deli·

371 1737 444 1769 ciis.
468 1737 584 1768 Barth.

412 1789 475 1817 329
500 1787 563 1821 Qui
578 1790 715 1817 ventrem
730 1786 865 1818 invitant
880 1786 1001 1827 pretio]
1026 1788 1077 1818 Ir-

367 1836 467 1867 ritant
484 1837 619 1876 malim3
643 1842 681 1867 ut
699 1837 788 1877 apud
809 1837 940 1875 Silium,
962 1838 1022 1869 lib.
1040 1847 1075 1869 x.

369 1885 378 1902 ‘
397 1886 593 1927 Poculaque
641 1888 713 1918 an
760 1887 872 1918 luxum
905 1887 1078 1919 irritantia

370 1936 526 1976 gemma.’
570 1937 751 1976 Ausonius,
774 1937 900 1977 Idyllio
918 1945 951 1969 v.
974 1938 983 1954 ⁴
1001 1939 1076 1969 Nec

369 1991 505 2016 nostros
532 1987 685 2018 reticebo
708 1987 813 2025 cibos,
835 1996 919 2028 quos
946 1987 1076 2027 priscus

368 2036 472 2067 habet
489 2047 560 2067 mos
575 2047 583 2074 ;
608 2037 862 2068 Irritamentnm
881 2037 1002 2077 quibus
1018 2037 1076 2068 ad-

369 2085 462 2115 ditur
479 2095 673 2126 aequoreum
690 2087 759 2116 sal!
804 2086 952 2123 Seneca,
967 2086 1075 2125 Epist.

369 2142 448 2166 xm.
472 2136 481 2152 ‘
502 2136 580 2165 Non
598 2136 748 2175 irritant,
770 2136 922 2177 inquam,
939 2137 971 2167 hi
989 2137 1075 2168 horti

369 2182 508 2223 famem,
524 2184 583 2215 sed
598 2185 843 2225 exstinguunt.’
869 2187 912 2217 D.
935 2187 1043 2217 Heius.

419 2233 574 2273 Ventrem]
599 2233 803 2274 Iugluviem‚
819 2235 1053 2267 voracitatem.

421 2283 566 2315 Ventrem
592 2285 728 2315 invitant
753 2284 870 2325 pretio]
900 2285 992 2316 Nihil
1019 2286 1073 2316 de-

371 2332 556 2373 glutientes
586 2335 647 2365 nisi
665 2335 754 2376 quod
772 2335 924 2365 immanis
941 2336 986 2366 sit
1002 2345 1076 2375 pre-

372 2382 436 2420 tii;
460 2392 526 2414 uon
545 2384 585 2414 ad
610 2390 755 2424 gustum,
777 2384 834 2414 sed
861 2384 902 2415 ad
929 2385 1075 2424 pretium

372 2433 489 2472 epulas
529 2440 730 2473 quaerentes,
791 2434 1075 2475 Prodigalitatem

371 2482 460 2522 gulae
479 2483 654 2520 describit,
677 2490 714 2515 ut
730 2484 934 2515 Petronius:
970 2485 978 2500 ‘
997 2494 1075 2515 ven-

370 2530 457 2562 dunt
484 2533 664 2572 conchylia
694 2543 806 2564 coenas
832 2534 881 2564 Ut
911 2538 1077 2565 renovent

372 2589 435 2621 per
449 2581 572 2612 damna
589 2582 737 2613 famem?
766 2583 881 2613 Barth.

415 2632 479 2661 330
502 2632 647 2663 Sidereas
663 2634 797 2663 Junonis
813 2632 896 2672 ares]
922 2633 1075 2664 Pavones

371 2680 465 2711 luxui
492 2682 543 2712 sui
573 2683 636 2713 aevi
664 2682 850 2722 exprobrat
877 2683 979 2713 etiam
1003 2683 1075 2722 jam

373 2727 455 2763 dum
485 2729 627 2764 Publius
663 2733 937 2774 Mimograpbus:
972 2732 1076 2765 ‘Tuo

615 197 759 229 NOTAE
792 199 1055 232 VARIORUM
1089 201 1141 232 ΙΝ
1174 201 1249 233 CL.
1283 201 1463 233 CLAUD-
1495 202 1586 234 XX.

1127 297 1242 336 palato
1254 297 1384 328 clausus
1398 306 1485 337 pavo
1496 296 1659 337 pascitur,
1669 295 1830 329 Plumate

1127 347 1270 377 amictus
1300 347 1409 378 aulaeo
1436 345 1672 387 Babylonico!
1730 347 1832 378 Clau-

1128 396 1246 426 dianus
1262 406 1341 427 vero
1358 406 1423 427 non
1439 397 1526 427 solos
1543 397 1612 434 hos,
1639 395 1697 426 sed
1714 405 1830 427 omnes

1128 445 1192 475 illis
1205 445 1330 476 similes
1344 446 1518 486 intelligit,
1532 455 1674 486 quorum
1687 444 1832 484 species,

1127 495 1260 533 raritas,
1273 497 1435 535 pretium,
1445 495 1662 526 commendet
1675 495 1807 535 epulas.

1171 547 1230 576 331
1259 546 1428 586 Coloratis]
1454 546 1593 586 Nigris:
1618 545 1689 575 κατ’
1703 543 1831 584 ἐξοχὴν,

1128 604 1203 625 cum
1215 595 1310 636 niger
1322 601 1379 627 aut
1394 601 1468 626 ater
1481 595 1669 626 coloratior
1678 593 1753 625 fieri
1764 603 1831 625 non

1129 645 1244 685 possit.
1291 646 1404 686 Ipsam
1433 651 1546 677 autem
1578 645 1831 676 institutionem

1129 695 1286 736 loquendi
1302 697 1554 727 commendasse
1568 696 1655 736 gulae
1670 704 1749 726 aves
1763 703 1831 726 rne-

1129 753 1261 774 morare
1278 745 1361 775 vult.
1386 745 1502 776 Barth.

1171 796 1234 823 332
1262 794 1418 828 Quaesitos
1442 798 1530 824 trans
1545 804 1641 833 regna
1656 793 1753 833 cibos]
1776 793 1831 824 Sic

1129 839 1215 870 bene
1230 842 1329 880 prim.
1345 843 1424 873 Vat.
1452 843 1553 882 vulgo
1569 843 1714 882 quaesz'tus
1737 841 1831 873 cibus.

1129 890 1171 921 D.
1187 890 1307 922 Heius.

1174 940 1326 974 Quaesitos
1341 944 1428 972 trans
1441 950 1538 980 regna
1553 940 1648 980 cibos]
1683 940 1832 971 Pulchre

1127 989 1256 1020 Seneca
1272 991 1446 1022 maledicit
1461 991 1513 1030 iis,
1526 991 1647 1031 quibus
1665 995 1734 1021 tam
1749 990 1833 1021 invi-

1128 1039 1258 1069 diosum
1296 1040 1483 1079 Imperium
1523 1045 1701 1079 angustum
1741 1041 1830 1079 gulae

1128 1093 1216 1127 erat,
1243 1089 1300 1129 qui
1331 1100 1409 1120 aves
1435 1090 1603 1129 petebant
1638 1095 1736 1120 extra
1761 1089 1831 1120 Ro-

1128 1147 1261 1169 manum
1277 1139 1417 1170 Orbem.
1441 1140 1558 1171 Barth.

1170 1191 1232 1220 333
1246 1189 1430 1229 lngluviem,
1444 1190 1511 1230 ἃς]
1525 1189 1647 1220 Salust.
1661 1192 1669 1206 ⁴
1686 1189 1833 1220 Vescen-

1128 1238 1162 1270 di
1189 1249 1308 1271 caussa
1331 1245 1424 1271 terra
1450 1241 1601 1281 marique
1634 1239 1746 1270 omnia
1773 1249 1831 1270 ex·

1128 1289 1288 1329 quirere.’
1304 1291 1434 1321 Seneca
1452 1300 1530 1321 vero
1549 1290 1653 1320 dicit:
1679 1290 1687 1306 ‘
1703 1289 1829 1320 Convi-

1128 1338 1256 1369 viorum
1294 1340 1461 1370 luxuriem
1494 1345 1530 1370 et
1561 1339 1719 1377 vestium,
1758 1348 1831 1370 esse

1129 1396 1228 1426 aegrae
1247 1388 1399 1419 civitatis
1418 1389 1569 1420 indicia!
1595 1390 1721 1420 Claver.

1173 1436 1246 1466 Non
1257 1437 1400 1477 AEgoeus]
1425 1437 1459 1467 Si
1481 1447 1659 1479 quoquam,
1674 1438 1708 1468 in
1725 1438 1834 1478 pisca·

1129 1489 1165 1515 tu
1180 1484 1319 1516 fuerunt
1347 1487 1555 1517 dedecorum
1581 1487 1728 1518 omnium
1756 1497 1833 1519 con-

1129 1539 1290 1566 temtores
1311 1536 1426 1577 Apicii
1443 1538 1489 1567 illi
1509 1537 1619 1577 prisci.
1663 1537 1718 1567 Sic
1735 1538 1833 1568 trire-

1128 1593 1197 1615 mes
1214 1595 1256 1615 ex
1284 1586 1454 1627 Hispania
1479 1592 1513 1618 et
1536 1587 1672 1617 aliunde
1689 1587 1831 1618 Vitellio

1128 1634 1270 1674 piscium
1312 1635 1455 1667 delicias
1493 1637 1671 1667 advexisse
1709 1636 1832 1667 scribit

1127 1684 1318 1716 Suetonius.
1343 1686 1459 1716 Barth.

1170 1736 1232 1765 334
1258 1735 1409 1766 Maeotida
1432 1736 1569 1775 piscibus
1597 1737 1736 1777 explent]
1761 1737 1830 1768 Alii

1128 1784 1295 1815 Maeotica:
1321 1791 1390 1816 tres
1409 1786 1485 1816 libri
1509 1788 1639 1818 Moeotia
1664 1798 1740 1818 cum
1765 1788 1831 1828 pri-

1127 1843 1181 1863 mo
1191 1834 1380 1865 Vaticano:
1400 1835 1502 1874 bene3
1521 1837 1648 1868 dictum
1662 1846 1712 1869 lv.
1727 1838 1832 1868 Cons.

1128 1883 1218 1913 Hon.
1237 1893 1285 1914 vs.
1304 1887 1376 1914 180.
1393 1895 1454 1925 pro
1470 1887 1592 1926 explent
1610 1896 1668 1917 sex
1686 1887 1830 1926 implent.-

1127 1941 1212 1962 unus
1235 1936 1381 1972 aqueum
1417 1939 1453 1964 ut
1479 1935 1587 1966 infra:
1612 1937 1620 1952 ‘
1636 1946 1734 1976 quem
1761 1946 1829 1967 non

1128 1983 1295 2024 Cyclopia
1335 1985 1442 2015 solum
1478 1987 1662 2027 AEquatura
1689 1987 1830 2019 fames?

1126 2033 1172 2062 nil
1185 2034 1382 2064 mutandum
1401 2040 1524 2067 tamen.
1570 2037 1744 2077 Virgilius,
1760 2039 1826 2069 Ge.

1127 2091 1183 2113 ιιι.
1208 2084 1216 2100 ‘
1230 2084 1380 2123 piscibus
1395 2090 1501 2116 atram
1528 2086 1707 2126 Improbus
1722 2087 1830 2127 inglu-

1126 2133 1212 2162 viem
1230 2133 1385 2175 ranisque
1401 2135 1601 2176 loquacibus
1617 2137 1756 2177 explet.'
1782 2137 1830 2168 D.

1128 2183 1241 2215 Heins.

1169 2236 1230 2264 335
1260 2234 1361 2265 Vestis
1371 2237 1506 2266 οιίοναια1
1518 2236 1668 2275 studium]
1693 2237 1778 2276 Reg.
1792 2241 1828 2268 et

1127 2283 1331 2314 Oxonieusis
1347 2295 1420 2314 cum
1444 2285 1634 2323 Pricaeano,
1648 2287 1806 2317 ador-natm
1820 2297 1831 2317 .-

1126 2333 1184 2363 alii
1215 2334 1311 2364 multi
1338 2336 1494 2364 adoratoe:
1526 2344 1603 2365 mox
1629 2345 1724 2365 vanos
1749 2337 1828 2367 sales

1125 2392 1185 2422 pro
1201 2384 1302 2414 varios
1325 2384 1466 2424 Gyrald.
1491 2390 1526 2415 et
1543 2386 1733 2426 complures
1749 2387 1826 2418 alii:

1124 2433 1226 2464 etiam
1244 2433 1339 2465 bene.
1364 2435 1461 2465 Idem.

1173 2483 1275 2514 Vestis
1295 2485 1430 2514 odoratoe
1453 2485 1604 2524 stadium]
1644 2485 1720 2516 Hoc
1746 2496 1826 2526 quo-

1125 2542 1203 2573 que,
1225 2533 1296 2573 jam
1328 2541 1481 2564 renatum
1520 2545 1649 2575 recens,
1679 2536 1825 2567 habuere

1124 2587 1270 2613 veteres.
1295 2584 1411 2614 Barth.

1167 2635 1229 2663 336
1254 2634 1389 2664 Movisse
1403 2634 1497 2674 sales]
1522 2636 1736 2667 Histrionum
1752 2646 1824 2676 gre-

1125 2692 1199 2723 gem
1218 2682 1396 2713 describit.

1167 2732 1358 2773 Minimeque
1370 2734 1476 2765 viriles
1489 2734 1529 2766 M
1531 2734 1675 2775 undiciae]
1692 2735 1822 2768 Quibus
