1763 3116
331 156 393 186 1)ss
426 155 589 186 RAr'rU
624 153 949 184 PROSERPINAE
985 153 1082 182 LIB.
1115 153 1167 183 11.

19 260 128 290 sacra,
160 251 255 291 cujus
287 255 321 282 et
352 250 486 281 titulum
516 249 625 289 ipsum
657 248 715 278 ali-

19 301 154 341 quando
170 301 267 340 gerit.
292 300 406 330 I’arrh.

63 351 155 380 Meus
171 349 310 388 Lucifer]
334 348 459 378 Eadem
477 347 574 377 stella
586 347 716 384 Venus,

19 410 117 431 mane
156 405 207 430 cst
247 397 399 436 Lucifer,
436 407 494 428 seu
538 397 714 437 φώσφορος,

17 454 120 480 noctu
138 449 311 487 Hesperus
324 456 383 477 seu
397 447 610 486 Vesperugo.
634 446 715 477 Isid.

16 500 74 530 lib.
90 508 144 530 111.
161 508 190 529 c.
205 501 256 528 70.
291 497 392 528 dubie
411 502 522 527 tamen
548 498 637 527 Plin.
656 497 716 528 lib.

19 558 58 579 n.
75 557 148 587 cap.
165 550 194 578 8.
216 547 316 577 Silius
334 547 389 578 lib.
407 556 473 577 xii.
495 547 598 586 ignem
616 552 717 578 vocat

20 598 238 638 Cytherei'um:
261 602 295 628 et
313 602 424 628 tamen
445 598 634 638 distinguit.
661 598 716 628 lib.

17 655 83 677 vn.
108 650 116 663 ‘
134 651 312 677 renovatus
330 646 468 678 Lucifer
486 648 571 678 unda
588 648 718 678 Lauda-

17 701 74 727 tur
88 697 235 728 Veneri.’
260 698 306 728 Ut
322 703 355 728 et
374 698 486 728 Flave.
511 697 639 737 Argon.
659 698 717 729 lib.

17 756 66 777 w.
105 748 114 763 ‘
147 747 253 787 qualis
280 748 385 777 roseis
416 748 441 778 it
479 747 614 778 Lucit'er
643 748 718 786 alis,

17 800 124 832 Quem
143 800 258 829 Venus
289 799 411 829 illustri
444 798 569 838 gaudet
594 799 718 839 produ-

18 858 97 879 cere
114 850 221 880 coelo.'
257 849 385 879 Noster
402 850 434 878 in
461 849 610 888 Epithal.
628 849 717 880 Hon.

17 900 26 917 ‘
44 900 201 930 Dilectus
218 900 342 929 Veneri
357 900 719 940 nasciturHesperus.'

16 950 162 989 Dempst.

60 1003 121 1031 122
146 1000 281 1030 Roranti
313 1003 474 1040 provectus
501 1000 590 1040 equo]
627 1000 717 1030 1³1·oe-

17 1053 120 1081 vectus
149 1050 235 1081 bene
265 1051 393 1091 scripti.
441 1051 654 1091 Frequenter
684 1049 717 1080 id

17 1100 154 1130 verbum
172 1100 205 1130 in
223 1100 320 1130 Livio
345 1100 506 1138 occurrit,
531 1100 595 1131 etsi
613 1109 717 1141 quau-

17 1151 125 1191 doque
139 1155 347 1190 corruptum.
373 1151 548 1189 Virgilius,
565 1149 638 1180 AEn.
654 1159 718 1181 vii.

16 1201 24 1217 ‘
43 1201 126 1232 Cum
141 1206 334 1241 praevectus
351 1210 438 1241 equo
455 1200 598 1240 longaevi
614 1201 719 1240 Regis

16 1251 58 1281 ad
75 1261 171 1281 aures
190 1251 343 1282 Nuncius
367 1251 522 1290 ingentes
547 1250 662 1290 ignota
687 1250 719 1280 in

16 1306 110 1331 veste
140 1306 293 1341 reportat
312 1300 498 1331 Advenisse
517 1299 629 1330 viros.'
665 1299 721 1329 Ita

17 1352 139 1391 scripti
164 1362 292 1389 omnes,
320 1362 403 1392 quos
427 1361 490 1391 ego
520 1360 559 1381 ae
589 1350 720 1380 Pierius

17 1403 218 1433 'Valerianus
236 1413 357 1443 magno
370 1412 510 1433 numero
527 1401 720 1432 evolvimus.

17 1453 157 1491 Statius,
187 1453 293 1483 Theb.
325 1462 389 1483 vu.
415 1453 457 1482 de
486 1453 619 1482 Marte:
657 1452 721 1481 ‘ut

17 1511 97 1533 vero
111 1502 301 1532 amentibus
320 1502 392 1541 ipse
409 1500 550 1538 Incidit,
564 1504 599 1530 et
615 1509 720 1530 saerae

18 1552 143 1583 circum
171 1550 308 1590 fastigia
334 1551 430 1581 vallis
457 1550 606 1581 Turbine
636 1560 722 1590 prae-

18 1606 135 1633 vectus
176 1601 295 1641 rapido
327 1606 378 1631 ter
409 1601 547 1631 sustulit
576 1601 722 1639 hastam,

19 1654 84 1684 Ter
112 1654 280 1684 contorsit
306 1652 435 1695 equos.’
470 1653 586 1691 Silius,
614 1652 671 1683 lib.
688 1661 722 1682 v.

21 1703 29 1720 ‘
49 1703 138 1734 Hinc
158 1708 352 1742 praevectus
372 1713 458 1743 equo
476 1706 655 1744 postquam
674 1702 722 1732 in-

20 1758 73 1785 ter
105 1754 224 1794 praelia
253 1759 367 1785 notam
403 1753 552 1794 Accepit
584 1753 723 1785 vocem!

21 1805 94 1836 Lib.
111 1814 176 1836 vu.
201 1806 209 1822 ‘
229 1804 280 1835 Ac
302 1808 496 1845 praevectus
524 1814 608 1845 equo
633 1813 722 1834 nunc

22 1854 143 1886 dextra
182 1860 346 1895 provocat
380 1854 530 1885 hostem!
568 1853 642 1885 Lib.
671 1862 723 1885 ix.

22 1905 30 1921 ‘
49 1905 135 1936 Nam
154 1909 346 1944 praevectus
372 1913 460 1945 equo
483 1903 629 1934 stimulis
656 1913 722 1933 ma-

16 1954 150 1994 joribus
167 1955 237 1985 ire?
273 1954 347 1985 Lib.
365 1963 432 1985 xu.
467 1954 474 1970 ‘
495 1954 574 1984 Dux
592 1952 723 1983 Darda-

22 2015 84 2035 nus
101 2005 204 2035 instat
219 2005 377 2035 Attonito
389 2013 597 2044 praegressus
611 2003 722 2043 equo.'

22 2054 98 2085 Lib.
115 2063 208 2085 xvn.
242 2055 252 2071 ‘
270 2054 362 2085 Ante
390 2063 504 2084 omnes
532 2058 723 2094 praevectus

23 2113 110 2145 equo
127 2103 232 2134 trahit
250 2104 383 2143 agmina
400 2112 482 2132 voce
497 2102 519 2132 :’
544 2103 592 2132 sic
612 2111 725 2132 versus

22 2153 70 2184 illi
87 2164 128 2184 ex
146 2153 274 2194 optimo
302 2153 417 2184 codice
445 2152 628 2183 scribendi.
663 2153 727 2183 Lu-

24 2213 98 2235 can.
116 2203 175 2234 lib.
194 2212 259 2234 vn.
284 2204 293 2220 ‘
318 2207 494 2243 totumque
521 2212 583 2242 per
606 2211 725 2241 agmen

24 2253 162 2284 Sublimi
187 2257 379 2294 praevectus
408 2262 495 2293 equo
511 2252 530 2284 :’
555 2252 612 2283 ubi
630 2252 728 2292 vulgo

29 2304 129 2334 etiam
148 2309 321 2344 peccatur.
348 2304 392 2334 D.
409 2303 521 2334 Heius.

71 2354 154 2385 Fata
179 2354 292 2384 doloris
321 2354 432 2393 Carpit
452 2353 545 2392 signa
570 2353 635 2394 sni]
660 2352 728 2383 Alii

28 2403 164 2435 codices
182 2405 307 2435 cruoris.
336 2405 511 2435 Minimum
530 2403 646 2435 refert.
675 2404 728 2434 Vi-

29 2454 175 2484 deantur
191 2453 341 2485 hocloco
357 2454 489 2485 Barthii
505 2463 595 2485 curae
612 2463 730 2485 secun-

31 2505 95 2535 dm.
120 2504 219 2534 Idem.

75 2554 203 2585 Doloris
229 2554 339 2594 Carpit
365 2554 455 2593 signa
473 2554 537 2594 sui]
561 2554 630 2584 Alii
655 2553 729 2583 libri

29 2605 158 2635 habent
173 2604 298 2634 cruoris.
334 2604 423 2634 Rosoe
435 2613 514 2634 sane
530 2604 572 2633 de
586 2603 730 2634 Veneris

31 2664 151 2687 cruore
167 2659 276 2685 nactae
291 2654 463 2694 finguntur
481 2655 624 2685 colorem
641 2664 731 2694 eum,

33 2704 86 2748 qui
104 2705 301 2747 plerumque
328 2713 416 2736 nunc
444 2704 563 2736 Roseus
586 2704 732 2745 appella-

1360 143 1473 185 1653

767 250 832 278 tur.
857 247 974 277 Barth.

809 297 935 327 Doloris
959 296 1022 336 sai]
1057 295 1127 326 Alii
1154 296 1220 335 leg.
1249 296 1378 327 cruoris.
1414 299 1470 330 De

768 356 888 378 cruore
901 347 1044 377 Veneris
1062 347 1095 376 iu
1114 355 1222 376 rosam
1252 350 1395 384 mutato,
1424 346 1471 377 fa·

770 397 880 427 hulam
911 397 996 436 lege⁴
1014 395 1101 436 apud
1132 395 1290 426 Politian.
1321 405 1396 436 cap.
1422 399 1473 427 ll.

767 447 914 477 Miscell.
940 447 1081 486 Demps't.

811 500 871 527 127
887 496 1027 534 Mellifer
1040 497 1159 536 electis]
1175 496 1301 527 Versus
1316 496 1475 528 artificio-

770 557 835 579 suS.
880 548 987 577 Sonus
1028 547 1116 577 enim
1158 547 1336 578 verborum
1373 558 1475 588 apum

769 598 882 628 herbis
897 597 1166 638 obstrepentium
1181 607 1295 627 sonum
1309 598 1474 630 imitatur.

768 647 885 678 Barth.

813 701 874 728 129
893 698 985 729 Hanc
1002 699 1112 737 mollis,
1127 699 1193 738 Sym]
1209 698 1281 729 Hos
1300 709 1414 730 versus
1432 700 1474 731 de

769 748 968 788 Hyacintho
1007 754 1042 779 et
1076 749 1250 787 Narcisso,
1282 751 1474 789 praesertim

770 809 846 829 cum
876 798 979 829 Ovid.
1007 808 1056 830 lv.
1084 800 1173 829 Fast.
1207 803 1241 829 et
1270 810 1305 830 v.
1334 801 1475 831 Metam.

770 848 903 879 confert
919 850 1043 885 Scalig.
1060 850 1151 889 po'et.
1169 850 1226 880 lib.
1242 859 1274 880 v.
1292 860 1320 881 c,
1337 853 1386 880 lo.
1414 850 1475 881 sub

769 897 892 928 finem:
931 899 940 914 ‘
971 899 1137 939 uterque,’
1176 899 1235 938 ait,
1264 900 1272 915 ‘
1298 901 1475 939 speciose;

771 952 885 978 tamen
926 948 1034 978 laxior
1066 948 1223 986 Ovidius,
1258 950 1477 989 compositior

770 997 950 1027 Claudian.
973 1007 1083 1037 neque
1102 998 1190 1027 enim
1209 1003 1307 1037 prata
1324 998 1479 1039 floribus,

770 1047 828 1077 sed
848 1052 881 1077 et
897 1046 997 1077 flores
1015 1047 1125 1086 pingit
1154 1048 1324 1078 coloribus
1349 1047 1477 1079 fabula-

770 1096 864 1127 rum.‘
888 1096 1032 1126 Fabulas
1050 1100 1131 1136 pete
1149 1105 1189 1126 ex
1213 1097 1316 1128 Ovid.
1334 1098 1477 1130 Metam.

770 1147 828 1178 lib.
846 1156 899 1178 111.
919 1147 1000 1177 Fab.
1020 1149 1052 1177 6.
1076 1151 1111 1177 et
1128 1146 1184 1177 lib.
1203 1155 1237 1177 x.
1263 1147 1343 1178 Fab.
1359 1151 1390 1177 5.

815 1200 875 1228 130
899 1196 1048 1236 Stellata]
1071 1197 1229 1237 Fulgens,
1256 1198 1404 1238 radians,
1428 1198 1477 1229 ni-

771 1252 856 1278 tens.
890 1248 1004 1278 Barth.

815 1299 876 1326 132
895 1296 1047 1327 Germina
1062 1297 1150 1336 ritis]
1168 1297 1246 1328 Non
1260 1298 1417 1336 gramina,
1434 1307 1477 1328 ex

771 1346 886 1375 libris:
913 1350 947 1375 et
968 1355 1047 1376 mox
1067 1345 1177 1382 fronte
1203 1350 1307 1376 retusa
1331 1346 1478 1378 scriben-

772 1397 850 1426 dum
869 1396 949 1426 alibi
971 1396 1042 1435 Jam
1061 1395 1143 1426 dixi.
1171 1397 1215 1426 D.
1234 1396 1347 1427 Heins.

817 1448 877 1476 133
907 1446 951 1476 Τιι
966 1449 1059 1476 natus
1072 1445 1228 1486 Amyclis]
1242 1445 1332 1476 Vide
1346 1447 1480 1486 elegan-

774 1495 937 1525 tissimum
963 1495 1114 1525 libellum
1141 1496 1277 1526 Coluthi
1305 1497 1345 1527 dc
1364 1497 1478 1539 Raptu

776 1543 932 1574 Helena‘.
958 1544 1073 1574 Barth.

818 1598 880 1626 136
899 1594 1078 1635 Cephissas]
1101 1595 1245 1625 Boeotiae
1263 1594 1383 1626 ssuvius
1396 1597 1481 1627 Del-

776 1646 859 1687 phos
878 1644 1139 1685 praeterlabens.
1168 1645 1265 1676 Idem.

821 1696 999 1737 Cephissns]
1046 1695 1164 1727 Codex
1205 1695 1481 1727 Bartliolinianus

778 1746 937 1786 Cephisos.
966 1747 1012 1776 D.
1032 1746 1154 1777 Heins.

820 1800 881 1829 137
904 1797 988 1828 Ante
1003 1797 1095 1836 alias]
1113 1797 1275 1828 Ovidius:
1294 1798 1304 1814 ‘
1319 1807 1384 1838 quo
1401 1797 1481 1829 dum

777 1848 989 1888 Proserpina
1006 1848 1082 1878 luco
1099 1847 1216 1887 Ludit,
1241 1852 1276 1878 et
1299 1852 1358 1879 aut
1380 1848 1482 1879 violas

778 1903 836 1929 aut
869 1897 1013 1928 candida
1049 1897 1118 1927 lilia
1159 1899 1284 1938 carpit,
1319 1899 1481 1939 Dumque

776 1948 919 1989 puellari
939 1948 1053 1979 studio
1067 1949 1287 1989 calathosque
1304 1948 1482 1989 sinumque

776 2000 915 2039 Implet,
943 2004 978 2029 et
1011 1999 1161 2039 ‘aequales
1184 2004 1297 2030 certat
1318 2008 1482 2039 superare

776 2050 931 2090 legendo,
948 2050 1042 2080 Pene
1060 2049 1156 2079 simul
1172 2049 1244 2080 visa
1260 2055 1325 2090 est,
1339 2050 1482 2082 dilecta-

776 2111 854 2142 que,
877 2104 1041 2141 raptaque
1057 2099 1157 2131 Diti.’
1183 2100 1297 2131 Barth.

820 2154 882 2183 138
909 2152 1031 2183 Vimine
1057 2150 1175 2191 textos]
1227 2151 1325 2182 Texto
1356 2153 1484 2194 scripti.

777 2201 875 2232 bene.
901 2201 946 2232 D.
964 2201 1074 2232 Heius.

823 2254 884 2282 139
908 2250 1023 2290 spoliis
1039 2251 1228 2293 agrestibus]
1244 2253 1287 2282 Et
1303 2252 1364 2283 hoc
1378 2253 1483 2293 scrip-

781 2306 892 2333 torum
921 2305 985 2332 est.
1021 2301 1162 2341 Vulgati
1186 2301 1286 2340 foliis.
1313 2302 1483 2334 Prudent.

781 2352 937 2383 Cathem.
956 2351 1085 2391 Hymn.
1100 2360 1151 2382 lv.
1175 2353 1184 2368 ⁴
1202 2352 1271 2382 Hic
1296 2352 1376 2382 mihi
1392 2353 1486 2383 nulla

781 2412 868 2433 rosae
894 2401 1028 2442 spolia.'
1064 2401 1194 2433 Noster
1219 2411 1341 2442 supra:
1368 2403 1376 2420 ‘
1402 2403 1485 2433 Pra-

781 2458 891 2484 torum
909 2453 1075 2493 spoliatur
1087 2452 1216 2491 lionos3'
1231 2453 1320 2494 quod
1337 2453 1486 2484 hemisti-

781 2504 891 2535 chium
921 2508 956 2533 et
981 2502 1072 2542 apud
1103 2503 1303 2543 Corippum,
1329 2503 1413 2534 libro
1431 2512 1483 2534 111.

782 2554 954 2585 occurrit:
978 2553 1026 2584 sic
1042 2557 1078 2584 et
1104 2553 1113 2570 ‘
1140 2552 1228 2584 foliis
1255 2554 1402 2594 spoliare
1427 2563 1483 2584 ne-

781 2604 863 2634 mus·
887 2605 970 2634 Luc.
990 2613 1040 2634 w.
1060 2603 1106 2634 ita
1123 2604 1211 2634 enim
1228 2604 1318 2634 libri.
1342 2604 1440 2634 Idem.

826 2655 885 2684 141
911 2653 1088 2691 Augurium
1123 2653 1229 2690 fatale
1265 2653 1342 2692 tori]
1395 2650 1482 2682 Novi

782 2703 871 2734 enim
887 2703 986 2744 nupti
1009 2703 1139 2734 coronis
1157 2703 1284 2734 solenni
1298 2702 1363 2733 ritu
1385 2710 1481 2731 orna-1
