<?xml version="1.0" encoding="UTF-8"?>
<!DOCTYPE html PUBLIC "-//W3C//DTD XHTML 1.0 Transitional//EN"
    "http://www.w3.org/TR/xhtml1/DTD/xhtml1-transitional.dtd">
<html xmlns="http://www.w3.org/1999/xhtml" xml:lang="en" lang="en">
 <head>
  <title>
</title>
<meta http-equiv="Content-Type" content="text/html;charset=utf-8" />
  <meta name='ocr-system' content='tesseract 3.04.00' />
  <meta name='ocr-capabilities' content='ocr_page ocr_carea ocr_par ocr_line ocrx_word'/>
</head>
<body>
  <div class='ocr_page' id='page_1' title='image "./operaomniaexedit04clauuoft_0246.png"; bbox 0 0 1859 3148; ppageno 0'>
   <div class='ocr_carea' id='block_1_1' title="bbox 385 139 496 180">
    <p class='ocr_par' dir='ltr' id='par_1_1' title="bbox 385 139 496 180">
     <span class='ocr_line' id='line_1_1' title="bbox 385 139 496 180; baseline -0.009 -1"><span class='ocrx_word' id='word_1_1' title='bbox 385 139 496 180; x_wconf 76' lang='lat'>1714</span> 
     </span>
    </p>
   </div>
   <div class='ocr_carea' id='block_1_2' title="bbox 379 239 1085 2724">
    <p class='ocr_par' dir='ltr' id='par_1_2' title="bbox 379 239 1083 1272">
     <span class='ocr_line' id='line_1_2' title="bbox 386 239 1077 279; baseline -0.01 -6"><span class='ocrx_word' id='word_1_2' title='bbox 386 242 520 273; x_wconf 85' lang='lat' dir='ltr'>dictus?</span> <span class='ocrx_word' id='word_1_3' title='bbox 554 241 686 272; x_wconf 83' lang='lat' dir='ltr'>Graecis</span> <span class='ocrx_word' id='word_1_4' title='bbox 712 242 772 270; x_wconf 81' lang='grc' dir='ltr'>τῶν</span> <span class='ocrx_word' id='word_1_5' title='bbox 798 239 941 273; x_wconf 84' lang='grc' dir='ltr'>Εὐσεβῶν</span> <span class='ocrx_word' id='word_1_6' title='bbox 964 239 1077 279; x_wconf 82' lang='grc' dir='ltr'>χῶρος·</span> 
     </span>
     <span class='ocr_line' id='line_1_3' title="bbox 384 290 1080 333; baseline -0.006 -10"><span class='ocrx_word' id='word_1_7' title='bbox 384 291 550 333; x_wconf 80' lang='lat' dir='ltr'>quomodo</span> <span class='ocrx_word' id='word_1_8' title='bbox 581 301 653 321; x_wconf 72' lang='lat' dir='ltr'>eum</span> <span class='ocrx_word' id='word_1_9' title='bbox 683 294 782 321; x_wconf 78' lang='lat' dir='ltr'>vocat</span> <span class='ocrx_word' id='word_1_10' title='bbox 814 290 986 328; x_wconf 84' lang='lat' dir='ltr'>Lycurgus</span> <span class='ocrx_word' id='word_1_11' title='bbox 1009 298 1080 319; x_wconf 83' lang='lat' dir='ltr'>ora-</span> 
     </span>
     <span class='ocr_line' id='line_1_4' title="bbox 383 339 1082 375; baseline -0.004 -1"><span class='ocrx_word' id='word_1_12' title='bbox 383 344 477 374; x_wconf 72' lang='lat' dir='ltr'>tione</span> <span class='ocrx_word' id='word_1_13' title='bbox 509 343 540 372; x_wconf 92' lang='lat' dir='ltr'>in</span> <span class='ocrx_word' id='word_1_14' title='bbox 571 343 770 372; x_wconf 62' lang='lat' dir='ltr'>Leon-aren.</span> <span class='ocrx_word' id='word_1_15' title='bbox 808 339 953 375; x_wconf 78' lang='grc' dir='ltr'>Εὐσεβεῖς</span> <span class='ocrx_word' id='word_1_16' title='bbox 978 340 1082 371; x_wconf 86' lang='lat' dir='ltr'>etiam</span> 
     </span>
     <span class='ocr_line' id='line_1_5' title="bbox 382 390 1081 424; baseline -0.007 0"><span class='ocrx_word' id='word_1_17' title='bbox 382 392 505 424; x_wconf 84' lang='lat' dir='ltr'>Strabo</span> <span class='ocrx_word' id='word_1_18' title='bbox 535 395 633 421; x_wconf 79' lang='lat' dir='ltr'>vocat</span> <span class='ocrx_word' id='word_1_19' title='bbox 665 390 720 420; x_wconf 88' lang='lat' dir='ltr'>lib.</span> <span class='ocrx_word' id='word_1_20' title='bbox 745 398 795 420; x_wconf 65' lang='lat' dir='ltr'>vt.</span> <span class='ocrx_word' id='word_1_21' title='bbox 834 390 1019 420; x_wconf 86' lang='lat' dir='ltr'>Pausanias</span> <span class='ocrx_word' id='word_1_22' title='bbox 1049 390 1081 419; x_wconf 91' lang='lat' dir='ltr'>in</span> 
     </span>
     <span class='ocr_line' id='line_1_6' title="bbox 384 439 1081 480; baseline -0.004 -7"><span class='ocrx_word' id='word_1_23' title='bbox 384 442 560 474; x_wconf 74' lang='lat' dir='ltr'>Phocaicis</span> <span class='ocrx_word' id='word_1_24' title='bbox 576 452 582 471; x_wconf 74' lang='grc' dir='ltr'>ε</span> <span class='ocrx_word' id='word_1_25' title='bbox 607 440 679 479; x_wconf 79' lang='grc' dir='ltr'>Περὶ</span> <span class='ocrx_word' id='word_1_26' title='bbox 694 439 844 470; x_wconf 77' lang='grc' dir='ltr'>πλείστου</span> <span class='ocrx_word' id='word_1_27' title='bbox 866 439 927 480; x_wconf 71' lang='grc' dir='ltr'>’γὰρ</span> <span class='ocrx_word' id='word_1_28' title='bbox 949 440 986 476; x_wconf 76' lang='grc' dir='ltr'>δὴ</span> <span class='ocrx_word' id='word_1_29' title='bbox 1002 441 1081 470; x_wconf 77' lang='grc' dir='ltr'>ἐποι-</span> 
     </span>
     <span class='ocr_line' id='line_1_7' title="bbox 384 489 1083 530; baseline -0.004 -7"><span class='ocrx_word' id='word_1_30' title='bbox 384 494 472 523; x_wconf 81' lang='grc' dir='ltr'>οῦντο</span> <span class='ocrx_word' id='word_1_31' title='bbox 484 492 512 521; x_wconf 80' lang='grc' dir='ltr'>οἱ</span> <span class='ocrx_word' id='word_1_32' title='bbox 526 490 622 519; x_wconf 81' lang='grc' dir='ltr'>πάλαι</span> <span class='ocrx_word' id='word_1_33' title='bbox 631 489 754 528; x_wconf 74' lang='grc' dir='ltr'>γονέας,</span> <span class='ocrx_word' id='word_1_34' title='bbox 763 489 863 530; x_wconf 77' lang='grc' dir='ltr'><strong><em>ὥσπερ</em></strong></span> <span class='ocrx_word' id='word_1_35' title='bbox 876 490 960 521; x_wconf 77' lang='grc' dir='ltr'>ἐστὶν</span> <span class='ocrx_word' id='word_1_36' title='bbox 973 490 1083 521; x_wconf 72' lang='grc' dir='ltr'>ἄλλοις</span> 
     </span>
     <span class='ocr_line' id='line_1_8' title="bbox 381 539 1082 581; baseline -0.001 -9"><span class='ocrx_word' id='word_1_37' title='bbox 381 555 417 572; x_wconf 75' lang='grc' dir='ltr'>τε</span> <span class='ocrx_word' id='word_1_38' title='bbox 426 540 632 581; x_wconf 68' lang='grc' dir='ltr'>τεκμήρασθαι</span> <span class='ocrx_word' id='word_1_39' title='bbox 647 539 697 569; x_wconf 82' lang='grc' dir='ltr'>καὶ</span> <span class='ocrx_word' id='word_1_40' title='bbox 713 540 745 570; x_wconf 83' lang='grc' dir='ltr'>ἐν</span> <span class='ocrx_word' id='word_1_41' title='bbox 757 539 880 581; x_wconf 79' lang='grc' dir='ltr'>Κατάνῃ</span> <span class='ocrx_word' id='word_1_42' title='bbox 891 542 956 571; x_wconf 80' lang='grc' dir='ltr'><em>τοῖς</em></span> <span class='ocrx_word' id='word_1_43' title='bbox 970 547 1082 571; x_wconf 89' lang='grc' dir='ltr'>καλου-</span> 
     </span>
     <span class='ocr_line' id='line_1_9' title="bbox 381 589 1083 631; baseline -0.001 -9"><span class='ocrx_word' id='word_1_44' title='bbox 381 591 481 631; x_wconf 82' lang='grc' dir='ltr'>μένοις</span> <span class='ocrx_word' id='word_1_45' title='bbox 513 589 690 625; x_wconf 79' lang='grc' dir='ltr'>Εὐσεβέσιν·</span> <span class='ocrx_word' id='word_1_46' title='bbox 715 591 770 631; x_wconf 88' lang='lat' dir='ltr'>qui</span> <span class='ocrx_word' id='word_1_47' title='bbox 797 592 889 621; x_wconf 84' lang='lat' dir='ltr'>locus</span> <span class='ocrx_word' id='word_1_48' title='bbox 916 592 1019 621; x_wconf 81' lang='lat' dir='ltr'>etiam</span> <span class='ocrx_word' id='word_1_49' title='bbox 1046 591 1083 620; x_wconf 79' lang='grc' dir='ltr'>τὸ</span> 
     </span>
     <span class='ocr_line' id='line_1_10' title="bbox 381 640 1082 682; baseline -0.003 -9"><span class='ocrx_word' id='word_1_50' title='bbox 381 643 462 682; x_wconf 78' lang='lat' dir='ltr'>apud</span> <span class='ocrx_word' id='word_1_51' title='bbox 475 641 620 671; x_wconf 83' lang='lat' dir='ltr'>Catinam</span> <span class='ocrx_word' id='word_1_52' title='bbox 629 641 792 671; x_wconf 79' lang='lat' dir='ltr'>Lucensis</span> <span class='ocrx_word' id='word_1_53' title='bbox 806 641 882 671; x_wconf 86' lang='lat' dir='ltr'>libri</span> <span class='ocrx_word' id='word_1_54' title='bbox 894 640 1082 671; x_wconf 76' lang='lat' dir='ltr'>confirmat.</span> 
     </span>
     <span class='ocr_line' id='line_1_11' title="bbox 381 689 1083 729; baseline -0.001 -7"><span class='ocrx_word' id='word_1_55' title='bbox 381 692 582 722; x_wconf 70' lang='lat' dir='ltr'>Catinenses</span> <span class='ocrx_word' id='word_1_56' title='bbox 598 691 688 721; x_wconf 81' lang='lat' dir='ltr'>enim</span> <span class='ocrx_word' id='word_1_57' title='bbox 715 689 820 721; x_wconf 80' lang='lat' dir='ltr'>fuisse</span> <span class='ocrx_word' id='word_1_58' title='bbox 847 694 992 729; x_wconf 82' lang='lat' dir='ltr'>constat,</span> <span class='ocrx_word' id='word_1_59' title='bbox 1018 691 1083 721; x_wconf 81' lang='lat' dir='ltr'>etsi</span> 
     </span>
     <span class='ocr_line' id='line_1_12' title="bbox 380 741 1082 781; baseline -0.003 -9"><span class='ocrx_word' id='word_1_60' title='bbox 380 741 512 773; x_wconf 79' lang='lat' dir='ltr'>Solinus</span> <span class='ocrx_word' id='word_1_61' title='bbox 542 746 688 772; x_wconf 82' lang='lat' dir='ltr'>testatur</span> <span class='ocrx_word' id='word_1_62' title='bbox 715 742 948 781; x_wconf 79' lang='lat' dir='ltr'>Syracusanos</span> <span class='ocrx_word' id='word_1_63' title='bbox 979 742 1082 771; x_wconf 83' lang='lat' dir='ltr'>etiam</span> 
     </span>
     <span class='ocr_line' id='line_1_13' title="bbox 380 790 1083 831; baseline -0.001 -9"><span class='ocrx_word' id='word_1_64' title='bbox 380 792 444 822; x_wconf 80' lang='lat' dir='ltr'>sibi</span> <span class='ocrx_word' id='word_1_65' title='bbox 471 792 529 822; x_wconf 78' lang='lat' dir='ltr'>lios</span> <span class='ocrx_word' id='word_1_66' title='bbox 556 790 678 822; x_wconf 86' lang='lat' dir='ltr'>fratres</span> <span class='ocrx_word' id='word_1_67' title='bbox 705 791 917 822; x_wconf 76' lang='lat' dir='ltr'>vindicasse:</span> <span class='ocrx_word' id='word_1_68' title='bbox 955 795 1083 831; x_wconf 86' lang='lat' dir='ltr'>praeter</span> 
     </span>
     <span class='ocr_line' id='line_1_14' title="bbox 380 841 1082 882; baseline -0.001 -9"><span class='ocrx_word' id='word_1_69' title='bbox 380 844 489 874; x_wconf 85' lang='lat' dir='ltr'>locum</span> <span class='ocrx_word' id='word_1_70' title='bbox 507 852 548 873; x_wconf 79' lang='lat' dir='ltr'>ex</span> <span class='ocrx_word' id='word_1_71' title='bbox 574 842 655 873; x_wconf 91' lang='lat' dir='ltr'>Silio</span> <span class='ocrx_word' id='word_1_72' title='bbox 675 843 746 882; x_wconf 83' lang='lat' dir='ltr'>jam</span> <span class='ocrx_word' id='word_1_73' title='bbox 773 852 876 882; x_wconf 83' lang='lat' dir='ltr'>supra</span> <span class='ocrx_word' id='word_1_74' title='bbox 898 841 1082 873; x_wconf 81' lang='lat' dir='ltr'>adductum</span> 
     </span>
     <span class='ocr_line' id='line_1_15' title="bbox 380 892 1082 924; baseline -0.004 0"><span class='ocrx_word' id='word_1_75' title='bbox 380 893 549 924; x_wconf 83' lang='lat' dir='ltr'>Ausonius</span> <span class='ocrx_word' id='word_1_76' title='bbox 567 892 600 923; x_wconf 89' lang='lat' dir='ltr'>id</span> <span class='ocrx_word' id='word_1_77' title='bbox 621 892 755 923; x_wconf 87' lang='lat' dir='ltr'>abunde</span> <span class='ocrx_word' id='word_1_78' title='bbox 773 892 910 923; x_wconf 71' lang='lat' dir='ltr'>evincat</span> <span class='ocrx_word' id='word_1_79' title='bbox 934 892 1082 923; x_wconf 85' lang='lat' dir='ltr'>carmine</span> 
     </span>
     <span class='ocr_line' id='line_1_16' title="bbox 383 942 1082 974; baseline -0.003 0"><span class='ocrx_word' id='word_1_80' title='bbox 383 952 416 974; x_wconf 84' lang='lat' dir='ltr'>x.</span> <span class='ocrx_word' id='word_1_81' title='bbox 434 943 476 974; x_wconf 87' lang='lat' dir='ltr'>de</span> <span class='ocrx_word' id='word_1_82' title='bbox 494 943 593 974; x_wconf 79' lang='lat' dir='ltr'>claris</span> <span class='ocrx_word' id='word_1_83' title='bbox 617 943 835 973; x_wconf 84' lang='lat' dir='ltr'>civitatibus:</span> <span class='ocrx_word' id='word_1_84' title='bbox 860 943 869 958; x_wconf 83' lang='lat'>‘</span> <span class='ocrx_word' id='word_1_85' title='bbox 887 942 971 974; x_wconf 82' lang='lat' dir='ltr'>Quis</span> <span class='ocrx_word' id='word_1_86' title='bbox 990 942 1082 973; x_wconf 76' lang='lat' dir='ltr'>Cati-</span> 
     </span>
     <span class='ocr_line' id='line_1_17' title="bbox 381 992 1081 1033; baseline -0.004 -9"><span class='ocrx_word' id='word_1_87' title='bbox 381 1003 457 1024; x_wconf 86' lang='lat' dir='ltr'>nam</span> <span class='ocrx_word' id='word_1_88' title='bbox 474 993 585 1029; x_wconf 71' lang='lat' dir='ltr'>sileat,</span> <span class='ocrx_word' id='word_1_89' title='bbox 613 994 687 1033; x_wconf 82' lang='lat' dir='ltr'>quis</span> <span class='ocrx_word' id='word_1_90' title='bbox 715 992 956 1032; x_wconf 81' lang='lat' dir='ltr'>quadruplices</span> <span class='ocrx_word' id='word_1_91' title='bbox 983 993 1081 1031; x_wconf 85' lang='lat' dir='ltr'>Syra-</span> 
     </span>
     <span class='ocr_line' id='line_1_18' title="bbox 380 1041 1081 1081; baseline 0 -9"><span class='ocrx_word' id='word_1_92' title='bbox 380 1052 487 1080; x_wconf 76' lang='lat' dir='ltr'>cusas,</span> <span class='ocrx_word' id='word_1_93' title='bbox 507 1042 602 1072; x_wconf 72' lang='lat' dir='ltr'>Hunc</span> <span class='ocrx_word' id='word_1_94' title='bbox 617 1042 846 1072; x_wconf 77' lang='lat' dir='ltr'>ambustorum</span> <span class='ocrx_word' id='word_1_95' title='bbox 859 1041 998 1071; x_wconf 78' lang='lat' dir='ltr'>fratrum</span> <span class='ocrx_word' id='word_1_96' title='bbox 1012 1042 1081 1081; x_wconf 83' lang='lat' dir='ltr'>pie-</span> 
     </span>
     <span class='ocr_line' id='line_1_19' title="bbox 381 1091 1082 1131; baseline -0.004 -8"><span class='ocrx_word' id='word_1_97' title='bbox 381 1097 452 1123; x_wconf 82' lang='lat' dir='ltr'>tate</span> <span class='ocrx_word' id='word_1_98' title='bbox 470 1092 651 1128; x_wconf 72' lang='lat' dir='ltr'>celebrem,</span> <span class='ocrx_word' id='word_1_99' title='bbox 675 1091 772 1121; x_wconf 81' lang='lat' dir='ltr'>Illam</span> <span class='ocrx_word' id='word_1_100' title='bbox 796 1092 1006 1131; x_wconf 82' lang='lat' dir='ltr'>complexam</span> <span class='ocrx_word' id='word_1_101' title='bbox 1025 1091 1082 1121; x_wconf 91' lang='lat' dir='ltr'>mi-</span> 
     </span>
     <span class='ocr_line' id='line_1_20' title="bbox 383 1139 1082 1171; baseline -0.001 0"><span class='ocrx_word' id='word_1_102' title='bbox 383 1141 498 1171; x_wconf 84' lang='lat' dir='ltr'>racula</span> <span class='ocrx_word' id='word_1_103' title='bbox 516 1139 617 1170; x_wconf 78' lang='lat' dir='ltr'>fontis</span> <span class='ocrx_word' id='word_1_104' title='bbox 636 1145 671 1170; x_wconf 83' lang='lat' dir='ltr'>et</span> <span class='ocrx_word' id='word_1_105' title='bbox 689 1140 793 1169; x_wconf 79' lang='lat' dir='ltr'>amnis</span> <span class='ocrx_word' id='word_1_106' title='bbox 807 1140 829 1169; x_wconf 57' lang='grc' dir='ltr'>,Ρ</span> <span class='ocrx_word' id='word_1_107' title='bbox 866 1140 1031 1170; x_wconf 76' lang='lat' dir='ltr'>Videatur</span> <span class='ocrx_word' id='word_1_108' title='bbox 1047 1145 1082 1170; x_wconf 74' lang='lat' dir='ltr'>et</span> 
     </span>
     <span class='ocr_line' id='line_1_21' title="bbox 379 1189 1080 1230; baseline -0.003 -8"><span class='ocrx_word' id='word_1_109' title='bbox 379 1191 584 1222; x_wconf 80' lang='lat' dir='ltr'>Aristoteles</span> <span class='ocrx_word' id='word_1_110' title='bbox 597 1191 663 1230; x_wconf 80' lang='grc' dir='ltr'>περὶ</span> <span class='ocrx_word' id='word_1_111' title='bbox 681 1189 854 1227; x_wconf 73' lang='grc' dir='ltr'>θαυμασίων</span> <span class='ocrx_word' id='word_1_112' title='bbox 868 1189 1080 1228; x_wconf 83' lang='grc' dir='ltr'>ἀκουσμάτων.</span> 
     </span>
     <span class='ocr_line' id='line_1_22' title="bbox 380 1242 553 1272; baseline -0.012 0"><span class='ocrx_word' id='word_1_113' title='bbox 380 1242 424 1272; x_wconf 90' lang='lat' dir='ltr'>D.</span> <span class='ocrx_word' id='word_1_114' title='bbox 442 1242 553 1271; x_wconf 82' lang='lat' dir='ltr'>IIeins.</span> 
     </span>
    </p>

    <p class='ocr_par' dir='ltr' id='par_1_3' title="bbox 381 1289 1085 1478">
     <span class='ocr_line' id='line_1_23' title="bbox 424 1289 1083 1328; baseline 0 -7"><span class='ocrx_word' id='word_1_115' title='bbox 424 1294 439 1321; x_wconf 95' lang='lat' dir='ltr'>l</span> <span class='ocrx_word' id='word_1_116' title='bbox 468 1289 611 1328; x_wconf 79' lang='lat' dir='ltr'>Fratres]</span> <span class='ocrx_word' id='word_1_117' title='bbox 642 1289 796 1320; x_wconf 80' lang='lat' dir='ltr'>Historia</span> <span class='ocrx_word' id='word_1_118' title='bbox 822 1289 894 1319; x_wconf 77' lang='lat' dir='ltr'>lia=c</span> <span class='ocrx_word' id='word_1_119' title='bbox 922 1299 1083 1321; x_wconf 90' lang='lat' dir='ltr'>memora-</span> 
     </span>
     <span class='ocr_line' id='line_1_24' title="bbox 381 1338 1085 1379; baseline -0.003 -8"><span class='ocrx_word' id='word_1_120' title='bbox 381 1340 456 1372; x_wconf 88' lang='lat' dir='ltr'>bilis</span> <span class='ocrx_word' id='word_1_121' title='bbox 471 1340 559 1370; x_wconf 89' lang='lat' dir='ltr'>omni</span> <span class='ocrx_word' id='word_1_122' title='bbox 577 1348 661 1378; x_wconf 73' lang='lat' dir='ltr'>aevo,</span> <span class='ocrx_word' id='word_1_123' title='bbox 687 1343 721 1369; x_wconf 80' lang='lat' dir='ltr'>ct</span> <span class='ocrx_word' id='word_1_124' title='bbox 744 1338 859 1368; x_wconf 76' lang='lat' dir='ltr'>AEneae</span> <span class='ocrx_word' id='word_1_125' title='bbox 885 1339 996 1378; x_wconf 80' lang='lat' dir='ltr'>magni</span> <span class='ocrx_word' id='word_1_126' title='bbox 1015 1340 1085 1379; x_wconf 84' lang='lat' dir='ltr'>pie-</span> 
     </span>
     <span class='ocr_line' id='line_1_25' title="bbox 381 1388 1083 1429; baseline 0 -10"><span class='ocrx_word' id='word_1_127' title='bbox 381 1389 444 1419; x_wconf 77' lang='lat' dir='ltr'>tati</span> <span class='ocrx_word' id='word_1_128' title='bbox 462 1388 647 1429; x_wconf 48' lang='lat' dir='ltr'>¹‘equabiliffi</span> <span class='ocrx_word' id='word_1_129' title='bbox 671 1389 807 1419; x_wconf 78' lang='lat' dir='ltr'>mutatis</span> <span class='ocrx_word' id='word_1_130' title='bbox 825 1389 1016 1419; x_wconf 82' lang='lat' dir='ltr'>nominibus</span> <span class='ocrx_word' id='word_1_131' title='bbox 1033 1399 1083 1420; x_wconf 87' lang='lat' dir='ltr'>re-</span> 
     </span>
     <span class='ocr_line' id='line_1_26' title="bbox 381 1438 1082 1478; baseline 0.003 -10"><span class='ocrx_word' id='word_1_132' title='bbox 381 1438 513 1478; x_wconf 86' lang='lat' dir='ltr'>peritur</span> <span class='ocrx_word' id='word_1_133' title='bbox 530 1439 561 1468; x_wconf 90' lang='lat' dir='ltr'>in</span> <span class='ocrx_word' id='word_1_134' title='bbox 581 1439 693 1468; x_wconf 86' lang='lat' dir='ltr'>multis</span> <span class='ocrx_word' id='word_1_135' title='bbox 711 1439 943 1478; x_wconf 78' lang='lat' dir='ltr'>scriptoribus.</span> <span class='ocrx_word' id='word_1_136' title='bbox 969 1440 1082 1471; x_wconf 82' lang='lat' dir='ltr'>Barth.</span> 
     </span>
    </p>

    <p class='ocr_par' dir='ltr' id='par_1_4' title="bbox 380 1487 1082 1777">
     <span class='ocr_line' id='line_1_27' title="bbox 423 1487 1081 1527; baseline 0.003 -10"><span class='ocrx_word' id='word_1_137' title='bbox 423 1490 442 1517; x_wconf 86' lang='lat'><strong>2</strong></span> <span class='ocrx_word' id='word_1_138' title='bbox 468 1487 595 1518; x_wconf 81' lang='lat' dir='ltr'>Honore</span> <span class='ocrx_word' id='word_1_139' title='bbox 621 1487 693 1527; x_wconf 85' lang='lat' dir='ltr'>coli]</span> <span class='ocrx_word' id='word_1_140' title='bbox 719 1488 869 1518; x_wconf 86' lang='lat' dir='ltr'>Solinus:</span> <span class='ocrx_word' id='word_1_141' title='bbox 904 1491 912 1504; x_wconf 95' lang='lat'>‘</span> <span class='ocrx_word' id='word_1_142' title='bbox 930 1489 1081 1519; x_wconf 81' lang='lat' dir='ltr'>Juvenes</span> 
     </span>
     <span class='ocr_line' id='line_1_28' title="bbox 381 1537 1082 1577; baseline 0.001 -10"><span class='ocrx_word' id='word_1_143' title='bbox 381 1537 446 1567; x_wconf 92' lang='lat' dir='ltr'>duo</span> <span class='ocrx_word' id='word_1_144' title='bbox 458 1537 606 1567; x_wconf 81' lang='lat' dir='ltr'>sublatos</span> <span class='ocrx_word' id='word_1_145' title='bbox 619 1542 779 1577; x_wconf 87' lang='lat' dir='ltr'>parentes</span> <span class='ocrx_word' id='word_1_146' title='bbox 792 1542 979 1568; x_wconf 80' lang='lat' dir='ltr'>evexerunt</span> <span class='ocrx_word' id='word_1_147' title='bbox 992 1538 1082 1568; x_wconf 84' lang='lat' dir='ltr'>inter</span> 
     </span>
     <span class='ocr_line' id='line_1_29' title="bbox 380 1585 1082 1627; baseline -0.001 -9"><span class='ocrx_word' id='word_1_148' title='bbox 380 1585 532 1618; x_wconf 82' lang='lat' dir='ltr'>flammas</span> <span class='ocrx_word' id='word_1_149' title='bbox 555 1587 647 1618; x_wconf 80' lang='lat' dir='ltr'>illaesi</span> <span class='ocrx_word' id='word_1_150' title='bbox 675 1587 818 1627; x_wconf 78' lang='lat' dir='ltr'>ignibus.</span> <span class='ocrx_word' id='word_1_151' title='bbox 868 1588 997 1619; x_wconf 85' lang='lat' dir='ltr'>Horum</span> <span class='ocrx_word' id='word_1_152' title='bbox 1014 1598 1082 1618; x_wconf 71' lang='lat' dir='ltr'>mc-</span> 
     </span>
     <span class='ocr_line' id='line_1_30' title="bbox 380 1638 1082 1678; baseline 0.004 -12"><span class='ocrx_word' id='word_1_153' title='bbox 380 1638 520 1667; x_wconf 84' lang='lat' dir='ltr'>1noriam</span> <span class='ocrx_word' id='word_1_154' title='bbox 540 1638 587 1667; x_wconf 78' lang='lat' dir='ltr'>ita</span> <span class='ocrx_word' id='word_1_155' title='bbox 612 1638 796 1677; x_wconf 77' lang='lat' dir='ltr'>posteritas</span> <span class='ocrx_word' id='word_1_156' title='bbox 823 1642 997 1669; x_wconf 81' lang='lat' dir='ltr'>munerata</span> <span class='ocrx_word' id='word_1_157' title='bbox 1020 1644 1082 1678; x_wconf 88' lang='lat' dir='ltr'>est,</span> 
     </span>
     <span class='ocr_line' id='line_1_31' title="bbox 380 1687 1081 1727; baseline 0.001 -9"><span class='ocrx_word' id='word_1_158' title='bbox 380 1691 419 1718; x_wconf 83' lang='lat' dir='ltr'>ut</span> <span class='ocrx_word' id='word_1_159' title='bbox 436 1688 601 1727; x_wconf 76' lang='lat' dir='ltr'>sepulchri</span> <span class='ocrx_word' id='word_1_160' title='bbox 627 1689 719 1718; x_wconf 85' lang='lat' dir='ltr'>locus</span> <span class='ocrx_word' id='word_1_161' title='bbox 743 1687 970 1719; x_wconf 76' lang='lat' dir='ltr'>nominaretur</span> <span class='ocrx_word' id='word_1_162' title='bbox 985 1690 1081 1719; x_wconf 81' lang='lat' dir='ltr'>Cam-</span> 
     </span>
     <span class='ocr_line' id='line_1_32' title="bbox 382 1737 746 1777; baseline 0.003 -10"><span class='ocrx_word' id='word_1_163' title='bbox 382 1746 444 1777; x_wconf 82' lang='lat' dir='ltr'>pus</span> <span class='ocrx_word' id='word_1_164' title='bbox 461 1737 623 1768; x_wconf 89' lang='lat' dir='ltr'>Piorum.&#39;</span> <span class='ocrx_word' id='word_1_165' title='bbox 652 1738 746 1768; x_wconf 81' lang='lat' dir='ltr'>Idem.</span> 
     </span>
    </p>

    <p class='ocr_par' dir='ltr' id='par_1_5' title="bbox 379 1788 1082 1877">
     <span class='ocr_line' id='line_1_33' title="bbox 423 1788 1082 1829; baseline 0 -10"><span class='ocrx_word' id='word_1_166' title='bbox 423 1791 443 1819; x_wconf 80' lang='lat'>4</span> <span class='ocrx_word' id='word_1_167' title='bbox 469 1788 619 1828; x_wconf 75' lang='lat' dir='ltr'>Reppulit</span> <span class='ocrx_word' id='word_1_168' title='bbox 628 1788 731 1829; x_wconf 77' lang='lat' dir='ltr'>faces]</span> <span class='ocrx_word' id='word_1_169' title='bbox 756 1789 893 1820; x_wconf 79' lang='lat' dir='ltr'>Rettulit</span> <span class='ocrx_word' id='word_1_170' title='bbox 910 1789 998 1820; x_wconf 86' lang='lat' dir='ltr'>forte</span> <span class='ocrx_word' id='word_1_171' title='bbox 1012 1799 1082 1819; x_wconf 87' lang='lat' dir='ltr'>rcc-</span> 
     </span>
     <span class='ocr_line' id='line_1_34' title="bbox 379 1837 881 1877; baseline 0.004 -9"><span class='ocrx_word' id='word_1_172' title='bbox 379 1837 468 1869; x_wconf 81' lang='lat' dir='ltr'>tius:</span> <span class='ocrx_word' id='word_1_173' title='bbox 495 1843 586 1868; x_wconf 79' lang='lat' dir='ltr'>retro</span> <span class='ocrx_word' id='word_1_174' title='bbox 604 1839 685 1877; x_wconf 70' lang='lat' dir='ltr'>egit.</span> <span class='ocrx_word' id='word_1_175' title='bbox 711 1840 753 1869; x_wconf 91' lang='lat' dir='ltr'>D.</span> <span class='ocrx_word' id='word_1_176' title='bbox 771 1839 881 1871; x_wconf 73' lang='lat' dir='ltr'>Heius.</span> 
     </span>
    </p>

    <p class='ocr_par' dir='ltr' id='par_1_6' title="bbox 379 1887 1082 2074">
     <span class='ocr_line' id='line_1_35' title="bbox 424 1887 1081 1926; baseline 0.006 -10"><span class='ocrx_word' id='word_1_177' title='bbox 424 1889 444 1916; x_wconf 88' lang='grc'><strong>6</strong></span> <span class='ocrx_word' id='word_1_178' title='bbox 467 1887 638 1926; x_wconf 80' lang='lat' dir='ltr'>Attollunt]</span> <span class='ocrx_word' id='word_1_179' title='bbox 665 1888 782 1917; x_wconf 80' lang='lat' dir='ltr'>Malim</span> <span class='ocrx_word' id='word_1_180' title='bbox 807 1892 839 1918; x_wconf 83' lang='lat' dir='ltr'>ut</span> <span class='ocrx_word' id='word_1_181' title='bbox 863 1889 983 1920; x_wconf 77' lang='lat' dir='ltr'>tollant.</span> <span class='ocrx_word' id='word_1_182' title='bbox 1019 1891 1081 1920; x_wconf 87' lang='lat' dir='ltr'>Lu-</span> 
     </span>
     <span class='ocr_line' id='line_1_36' title="bbox 380 1936 1082 1978; baseline 0.006 -11"><span class='ocrx_word' id='word_1_183' title='bbox 380 1936 490 1967; x_wconf 83' lang='lat' dir='ltr'>censis</span> <span class='ocrx_word' id='word_1_184' title='bbox 506 1941 542 1967; x_wconf 88' lang='lat' dir='ltr'>et</span> <span class='ocrx_word' id='word_1_185' title='bbox 559 1936 679 1967; x_wconf 85' lang='lat' dir='ltr'>decem</span> <span class='ocrx_word' id='word_1_186' title='bbox 705 1938 761 1968; x_wconf 90' lang='lat' dir='ltr'>alii</span> <span class='ocrx_word' id='word_1_187' title='bbox 785 1940 943 1978; x_wconf 76' lang='lat' dir='ltr'>attollunt,</span> <span class='ocrx_word' id='word_1_188' title='bbox 971 1942 1082 1971; x_wconf 78' lang='lat' dir='ltr'>accele-</span> 
     </span>
     <span class='ocr_line' id='line_1_37' title="bbox 379 1987 1081 2029; baseline 0.006 -12"><span class='ocrx_word' id='word_1_189' title='bbox 379 1989 532 2024; x_wconf 78' lang='lat' dir='ltr'>raneque;</span> <span class='ocrx_word' id='word_1_190' title='bbox 567 1988 668 2017; x_wconf 80' lang='lat' dir='ltr'>ctiam</span> <span class='ocrx_word' id='word_1_191' title='bbox 686 1987 791 2019; x_wconf 87' lang='lat' dir='ltr'>bene:</span> <span class='ocrx_word' id='word_1_192' title='bbox 829 1990 917 2029; x_wconf 81' lang='lat' dir='ltr'>quod</span> <span class='ocrx_word' id='word_1_193' title='bbox 942 1994 977 2020; x_wconf 85' lang='lat' dir='ltr'>et</span> <span class='ocrx_word' id='word_1_194' title='bbox 1000 1992 1081 2021; x_wconf 76' lang='lat' dir='ltr'>Bar·</span> 
     </span>
     <span class='ocr_line' id='line_1_38' title="bbox 384 2035 854 2074; baseline 0.006 -9"><span class='ocrx_word' id='word_1_195' title='bbox 384 2035 454 2065; x_wconf 83' lang='lat' dir='ltr'>thio</span> <span class='ocrx_word' id='word_1_196' title='bbox 471 2035 732 2074; x_wconf 75' lang='lat' dir='ltr'>deprehensum.</span> <span class='ocrx_word' id='word_1_197' title='bbox 759 2038 854 2068; x_wconf 81' lang='lat' dir='ltr'>Idem.</span> 
     </span>
    </p>

    <p class='ocr_par' dir='ltr' id='par_1_7' title="bbox 382 2086 1082 2172">
     <span class='ocr_line' id='line_1_39' title="bbox 424 2086 1082 2127; baseline 0.011 -13"><span class='ocrx_word' id='word_1_198' title='bbox 424 2087 464 2114; x_wconf 93' lang='lat'>10</span> <span class='ocrx_word' id='word_1_199' title='bbox 498 2086 618 2115; x_wconf 72' lang='lat' dir='ltr'>Inrncel</span> <span class='ocrx_word' id='word_1_200' title='bbox 650 2095 700 2115; x_wconf 77' lang='lat' dir='ltr'>ore</span> <span class='ocrx_word' id='word_1_201' title='bbox 731 2086 829 2127; x_wconf 84' lang='lat' dir='ltr'>Deos]</span> <span class='ocrx_word' id='word_1_202' title='bbox 868 2089 937 2119; x_wconf 86' lang='lat' dir='ltr'>Pro</span> <span class='ocrx_word' id='word_1_203' title='bbox 968 2090 1082 2121; x_wconf 84' lang='lat' dir='ltr'>liberis</span> 
     </span>
     <span class='ocr_line' id='line_1_40' title="bbox 382 2134 683 2172; baseline -0.007 -7"><span class='ocrx_word' id='word_1_204' title='bbox 382 2137 450 2165; x_wconf 83' lang='lat' dir='ltr'>tam</span> <span class='ocrx_word' id='word_1_205' title='bbox 468 2134 544 2172; x_wconf 82' lang='lat' dir='ltr'>piis.</span> <span class='ocrx_word' id='word_1_206' title='bbox 571 2134 683 2164; x_wconf 59' lang='lat' dir='ltr'>Bar-cla.</span> 
     </span>
    </p>

    <p class='ocr_par' dir='ltr' id='par_1_8' title="bbox 381 2183 1083 2473">
     <span class='ocr_line' id='line_1_41' title="bbox 428 2183 1082 2226; baseline 0.014 -15"><span class='ocrx_word' id='word_1_207' title='bbox 428 2185 464 2213; x_wconf 95' lang='grc'>11</span> <span class='ocrx_word' id='word_1_208' title='bbox 498 2183 754 2220; x_wconf 66' lang='lat' dir='ltr'>Erexitsormido</span> <span class='ocrx_word' id='word_1_209' title='bbox 776 2187 907 2226; x_wconf 77' lang='lat' dir='ltr'>comam]</span> <span class='ocrx_word' id='word_1_210' title='bbox 944 2189 1082 2220; x_wconf 61' lang='lat' dir='ltr'>Rectius</span> 
     </span>
     <span class='ocr_line' id='line_1_42' title="bbox 382 2232 1082 2278; baseline 0.006 -15"><span class='ocrx_word' id='word_1_211' title='bbox 382 2232 538 2263; x_wconf 78' lang='lat' dir='ltr'>videatur</span> <span class='ocrx_word' id='word_1_212' title='bbox 553 2235 686 2272; x_wconf 65' lang='lat' dir='ltr'>arrexit,</span> <span class='ocrx_word' id='word_1_213' title='bbox 709 2235 735 2264; x_wconf 82' lang='lat' dir='ltr'>si</span> <span class='ocrx_word' id='word_1_214' title='bbox 755 2245 814 2275; x_wconf 83' lang='lat' dir='ltr'>pei·</span> <span class='ocrx_word' id='word_1_215' title='bbox 829 2236 963 2267; x_wconf 77' lang='lat' dir='ltr'>codices</span> <span class='ocrx_word' id='word_1_216' title='bbox 980 2239 1082 2278; x_wconf 85' lang='lat' dir='ltr'>scrip-</span> 
     </span>
     <span class='ocr_line' id='line_1_43' title="bbox 384 2283 1082 2327; baseline 0.007 -14"><span class='ocrx_word' id='word_1_217' title='bbox 384 2286 436 2313; x_wconf 81' lang='lat' dir='ltr'>tos</span> <span class='ocrx_word' id='word_1_218' title='bbox 464 2283 576 2318; x_wconf 79' lang='lat' dir='ltr'>liccat,</span> <span class='ocrx_word' id='word_1_219' title='bbox 609 2290 644 2312; x_wconf 89' lang='lat' dir='ltr'>ut</span> <span class='ocrx_word' id='word_1_220' title='bbox 672 2285 704 2313; x_wconf 88' lang='lat' dir='ltr'>in</span> <span class='ocrx_word' id='word_1_221' title='bbox 733 2285 801 2324; x_wconf 89' lang='lat' dir='ltr'>illo,</span> <span class='ocrx_word' id='word_1_222' title='bbox 827 2288 835 2302; x_wconf 86' lang='lat'>‘</span> <span class='ocrx_word' id='word_1_223' title='bbox 858 2285 1082 2327; x_wconf 73' lang='lat' dir='ltr'>Arrectaequc</span> 
     </span>
     <span class='ocr_line' id='line_1_44' title="bbox 382 2333 1081 2369; baseline 0.004 -4"><span class='ocrx_word' id='word_1_224' title='bbox 382 2333 519 2365; x_wconf 85' lang='lat' dir='ltr'>horrore</span> <span class='ocrx_word' id='word_1_225' title='bbox 546 2334 673 2364; x_wconf 58' lang='lat' dir='ltr'>comm!</span> <span class='ocrx_word' id='word_1_226' title='bbox 721 2335 792 2366; x_wconf 81' lang='lat' dir='ltr'>Val.</span> <span class='ocrx_word' id='word_1_227' title='bbox 813 2336 949 2367; x_wconf 82' lang='lat' dir='ltr'>Flaccus</span> <span class='ocrx_word' id='word_1_228' title='bbox 966 2338 1021 2368; x_wconf 89' lang='lat' dir='ltr'>lib.</span> <span class='ocrx_word' id='word_1_229' title='bbox 1042 2347 1081 2369; x_wconf 83' lang='grc' dir='ltr'>ιι.</span> 
     </span>
     <span class='ocr_line' id='line_1_45' title="bbox 381 2382 1083 2424; baseline 0.004 -10"><span class='ocrx_word' id='word_1_230' title='bbox 381 2384 390 2400; x_wconf 92' lang='lat'>‘</span> <span class='ocrx_word' id='word_1_231' title='bbox 411 2382 556 2424; x_wconf 83' lang='lat' dir='ltr'>taboque</span> <span class='ocrx_word' id='word_1_232' title='bbox 585 2384 675 2414; x_wconf 86' lang='lat' dir='ltr'>sinus</span> <span class='ocrx_word' id='word_1_233' title='bbox 704 2385 840 2424; x_wconf 65' lang='lat' dir='ltr'>perfusa</span> <span class='ocrx_word' id='word_1_234' title='bbox 867 2387 995 2417; x_wconf 87' lang='lat' dir='ltr'>recenti</span> <span class='ocrx_word' id='word_1_235' title='bbox 1025 2388 1083 2417; x_wconf 82' lang='lat' dir='ltr'>Ar-</span> 
     </span>
     <span class='ocr_line' id='line_1_46' title="bbox 382 2433 911 2473; baseline 0 -8"><span class='ocrx_word' id='word_1_236' title='bbox 382 2438 560 2473; x_wconf 75' lang='lat' dir='ltr'>rectasqnc</span> <span class='ocrx_word' id='word_1_237' title='bbox 578 2433 712 2466; x_wconf 61' lang='lat' dir='ltr'>comas!</span> <span class='ocrx_word' id='word_1_238' title='bbox 739 2435 782 2465; x_wconf 92' lang='lat' dir='ltr'>D.</span> <span class='ocrx_word' id='word_1_239' title='bbox 801 2435 911 2466; x_wconf 73' lang='lat' dir='ltr'>Heius.</span> 
     </span>
    </p>

    <p class='ocr_par' dir='ltr' id='par_1_9' title="bbox 381 2483 1083 2724">
     <span class='ocr_line' id='line_1_47' title="bbox 427 2483 1081 2523; baseline 0.002 -10"><span class='ocrx_word' id='word_1_240' title='bbox 427 2485 465 2513; x_wconf 78' lang='lat'>12</span> <span class='ocrx_word' id='word_1_241' title='bbox 490 2483 609 2513; x_wconf 73' lang='lat' dir='ltr'>Palluit</span> <span class='ocrx_word' id='word_1_242' title='bbox 623 2493 674 2513; x_wconf 80' lang='lat' dir='ltr'>ore</span> <span class='ocrx_word' id='word_1_243' title='bbox 689 2484 785 2523; x_wconf 83' lang='lat' dir='ltr'>color]</span> <span class='ocrx_word' id='word_1_244' title='bbox 813 2484 931 2521; x_wconf 64' lang='lat' dir='ltr'>isingr.</span> <span class='ocrx_word' id='word_1_245' title='bbox 956 2495 1016 2515; x_wconf 71' lang='grc' dir='ltr'>ατε</span> <span class='ocrx_word' id='word_1_246' title='bbox 1042 2485 1081 2514; x_wconf 83' lang='lat' dir='ltr'>ti-</span> 
     </span>
     <span class='ocr_line' id='line_1_48' title="bbox 381 2533 1082 2565; baseline 0.003 -3"><span class='ocrx_word' id='word_1_247' title='bbox 381 2542 464 2563; x_wconf 83' lang='lat' dir='ltr'>mor.-</span> <span class='ocrx_word' id='word_1_248' title='bbox 488 2533 664 2563; x_wconf 86' lang='lat' dir='ltr'>duodecim</span> <span class='ocrx_word' id='word_1_249' title='bbox 682 2543 723 2563; x_wconf 82' lang='lat' dir='ltr'>ex</span> <span class='ocrx_word' id='word_1_250' title='bbox 741 2535 862 2564; x_wconf 82' lang='lat' dir='ltr'>nostris</span> <span class='ocrx_word' id='word_1_251' title='bbox 879 2544 930 2564; x_wconf 81' lang='lat' dir='ltr'>ore</span> <span class='ocrx_word' id='word_1_252' title='bbox 948 2539 1082 2565; x_wconf 78' lang='lat' dir='ltr'>tremor.-</span> 
     </span>
     <span class='ocr_line' id='line_1_49' title="bbox 383 2582 1081 2623; baseline 0 -9"><span class='ocrx_word' id='word_1_253' title='bbox 383 2582 526 2623; x_wconf 81' lang='lat' dir='ltr'>Gyrald.</span> <span class='ocrx_word' id='word_1_254' title='bbox 537 2593 599 2613; x_wconf 72' lang='lat' dir='ltr'>cere</span> <span class='ocrx_word' id='word_1_255' title='bbox 612 2585 712 2614; x_wconf 87' lang='lat' dir='ltr'>color:</span> <span class='ocrx_word' id='word_1_256' title='bbox 742 2585 882 2614; x_wconf 78' lang='lat' dir='ltr'>Lucens.</span> <span class='ocrx_word' id='word_1_257' title='bbox 895 2590 929 2615; x_wconf 87' lang='lat' dir='ltr'>et</span> <span class='ocrx_word' id='word_1_258' title='bbox 944 2590 1011 2614; x_wconf 83' lang='lat' dir='ltr'>trcs</span> <span class='ocrx_word' id='word_1_259' title='bbox 1027 2585 1081 2614; x_wconf 74' lang='lat' dir='ltr'>alii</span> 
     </span>
     <span class='ocr_line' id='line_1_50' title="bbox 384 2632 1083 2669; baseline 0.001 -7"><span class='ocrx_word' id='word_1_260' title='bbox 384 2640 461 2663; x_wconf 82' lang='lat' dir='ltr'>cum</span> <span class='ocrx_word' id='word_1_261' title='bbox 478 2632 567 2663; x_wconf 81' lang='lat' dir='ltr'>Aldu</span> <span class='ocrx_word' id='word_1_262' title='bbox 584 2638 619 2664; x_wconf 87' lang='lat' dir='ltr'>et</span> <span class='ocrx_word' id='word_1_263' title='bbox 643 2643 709 2663; x_wconf 84' lang='lat' dir='ltr'>sce.</span> <span class='ocrx_word' id='word_1_264' title='bbox 733 2634 846 2664; x_wconf 80' lang='lat' dir='ltr'>Vatic.</span> <span class='ocrx_word' id='word_1_265' title='bbox 870 2643 930 2664; x_wconf 75' lang='lat' dir='ltr'>«ere</span> <span class='ocrx_word' id='word_1_266' title='bbox 947 2637 1083 2669; x_wconf 86' lang='lat' dir='ltr'>tremor;</span> 
     </span>
     <span class='ocr_line' id='line_1_51' title="bbox 385 2682 1082 2724; baseline 0 -9"><span class='ocrx_word' id='word_1_267' title='bbox 385 2686 504 2722; x_wconf 75' lang='lat' dir='ltr'>recte3</span> <span class='ocrx_word' id='word_1_268' title='bbox 527 2682 616 2724; x_wconf 83' lang='lat' dir='ltr'>quod</span> <span class='ocrx_word' id='word_1_269' title='bbox 640 2689 675 2714; x_wconf 85' lang='lat' dir='ltr'>et</span> <span class='ocrx_word' id='word_1_270' title='bbox 696 2683 838 2716; x_wconf 83' lang='lat' dir='ltr'>Barthio</span> <span class='ocrx_word' id='word_1_271' title='bbox 854 2684 977 2715; x_wconf 84' lang='lat' dir='ltr'>visum:</span> <span class='ocrx_word' id='word_1_272' title='bbox 1007 2684 1082 2715; x_wconf 84' lang='lat' dir='ltr'>vide</span> 
     </span>
    </p>
   </div>
   <div class='ocr_carea' id='block_1_3' title="bbox 646 146 1273 179">
    <p class='ocr_par' dir='ltr' id='par_1_10' title="bbox 646 146 1273 179">
     <span class='ocr_line' id='line_1_52' title="bbox 646 146 1273 179; baseline -0.003 -1"><span class='ocrx_word' id='word_1_273' title='bbox 646 149 786 179; x_wconf 73' lang='lat' dir='ltr'>No&#39;rAE</span> <span class='ocrx_word' id='word_1_274' title='bbox 821 146 1079 175; x_wconf 71' lang='lat' dir='ltr'>VARwRUM</span> <span class='ocrx_word' id='word_1_275' title='bbox 1115 146 1164 176; x_wconf 75' lang='grc' dir='ltr'>ΙΝ</span> <span class='ocrx_word' id='word_1_276' title='bbox 1200 147 1273 176; x_wconf 69' lang='lat' dir='ltr'>ct..</span> 
     </span>
    </p>
   </div>
   <div class='ocr_carea' id='block_1_4' title="bbox 1308 146 1565 175">
    <p class='ocr_par' dir='ltr' id='par_1_11' title="bbox 1308 146 1565 175">
     <span class='ocr_line' id='line_1_53' title="bbox 1308 146 1565 175; baseline 0 0"><span class='ocrx_word' id='word_1_277' title='bbox 1308 146 1488 175; x_wconf 71' lang='lat' dir='ltr'>CLAI&#39;D.</span> <span class='ocrx_word' id='word_1_278' title='bbox 1524 146 1565 175; x_wconf 90' lang='lat' dir='ltr'>L.</span> 
     </span>
    </p>
   </div>
   <div class='ocr_carea' id='block_1_5' title="bbox 1129 237 1837 2718">
    <p class='ocr_par' dir='ltr' id='par_1_12' title="bbox 1134 237 1730 270">
     <span class='ocr_line' id='line_1_54' title="bbox 1134 237 1730 270; baseline -0.003 -1"><span class='ocrx_word' id='word_1_279' title='bbox 1134 244 1229 270; x_wconf 85' lang='lat' dir='ltr'>notas</span> <span class='ocrx_word' id='word_1_280' title='bbox 1247 248 1294 270; x_wconf 77' lang='lat' dir='ltr'>vi.</span> <span class='ocrx_word' id='word_1_281' title='bbox 1312 240 1411 270; x_wconf 90' lang='lat' dir='ltr'>Cous.</span> <span class='ocrx_word' id='word_1_282' title='bbox 1430 237 1519 269; x_wconf 86' lang='lat' dir='ltr'>Hon.</span> <span class='ocrx_word' id='word_1_283' title='bbox 1534 240 1607 269; x_wconf 78' lang='lat'>379.</span> <span class='ocrx_word' id='word_1_284' title='bbox 1634 238 1730 268; x_wconf 80' lang='lat' dir='ltr'>Idem.</span> 
     </span>
    </p>

    <p class='ocr_par' dir='ltr' id='par_1_13' title="bbox 1134 287 1834 570">
     <span class='ocr_line' id='line_1_55' title="bbox 1179 287 1832 327; baseline -0.003 -8"><span class='ocrx_word' id='word_1_285' title='bbox 1179 292 1216 319; x_wconf 86' lang='lat'>15</span> <span class='ocrx_word' id='word_1_286' title='bbox 1242 289 1396 320; x_wconf 67' lang='lat' dir='ltr'>Dextram</span> <span class='ocrx_word' id='word_1_287' title='bbox 1413 289 1508 327; x_wconf 77' lang='lat' dir='ltr'>erigit</span> <span class='ocrx_word' id='word_1_288' title='bbox 1534 287 1601 327; x_wconf 87' lang='lat' dir='ltr'>ille]</span> <span class='ocrx_word' id='word_1_289' title='bbox 1631 288 1742 318; x_wconf 79' lang='lat' dir='ltr'>vatic.</span> <span class='ocrx_word' id='word_1_290' title='bbox 1770 287 1832 318; x_wconf 86' lang='lat' dir='ltr'>Lu-</span> 
     </span>
     <span class='ocr_line' id='line_1_56' title="bbox 1134 336 1832 378; baseline -0.006 -8"><span class='ocrx_word' id='word_1_291' title='bbox 1134 349 1225 370; x_wconf 83' lang='lat' dir='ltr'>cens.</span> <span class='ocrx_word' id='word_1_292' title='bbox 1266 344 1301 370; x_wconf 88' lang='lat' dir='ltr'>et</span> <span class='ocrx_word' id='word_1_293' title='bbox 1339 338 1474 378; x_wconf 86' lang='lat' dir='ltr'>plurimi</span> <span class='ocrx_word' id='word_1_294' title='bbox 1504 337 1560 368; x_wconf 88' lang='lat' dir='ltr'>alii</span> <span class='ocrx_word' id='word_1_295' title='bbox 1590 336 1708 376; x_wconf 81' lang='lat' dir='ltr'>egerit.-</span> <span class='ocrx_word' id='word_1_296' title='bbox 1745 336 1832 367; x_wconf 87' lang='lat' dir='ltr'>unde</span> 
     </span>
     <span class='ocr_line' id='line_1_57' title="bbox 1134 386 1833 429; baseline -0.001 -10"><span class='ocrx_word' id='word_1_297' title='bbox 1134 389 1233 419; x_wconf 76' lang='lat' dir='ltr'>exerit</span> <span class='ocrx_word' id='word_1_298' title='bbox 1250 389 1486 429; x_wconf 75' lang='lat' dir='ltr'>conjiciebam,</span> <span class='ocrx_word' id='word_1_299' title='bbox 1512 387 1601 428; x_wconf 82' lang='lat' dir='ltr'>quod</span> <span class='ocrx_word' id='word_1_300' title='bbox 1624 386 1833 426; x_wconf 87' lang='lat' dir='ltr'>Gyraldinus</span> 
     </span>
     <span class='ocr_line' id='line_1_58' title="bbox 1134 438 1834 477; baseline -0.003 -8"><span class='ocrx_word' id='word_1_301' title='bbox 1134 439 1322 470; x_wconf 79' lang='lat' dir='ltr'>confirmat.</span> <span class='ocrx_word' id='word_1_302' title='bbox 1359 439 1472 468; x_wconf 71' lang='lat' dir='ltr'>Erexit</span> <span class='ocrx_word' id='word_1_303' title='bbox 1498 438 1571 477; x_wconf 82' lang='lat' dir='ltr'>jam</span> <span class='ocrx_word' id='word_1_304' title='bbox 1597 439 1834 476; x_wconf 78' lang='lat' dir='ltr'>praecesscrat.</span> 
     </span>
     <span class='ocr_line' id='line_1_59' title="bbox 1135 486 1834 529; baseline -0.006 -9"><span class='ocrx_word' id='word_1_305' title='bbox 1135 490 1236 520; x_wconf 74' lang='lat' dir='ltr'>Cons.</span> <span class='ocrx_word' id='word_1_306' title='bbox 1254 489 1372 529; x_wconf 87' lang='lat' dir='ltr'>Olybr.</span> <span class='ocrx_word' id='word_1_307' title='bbox 1396 490 1405 506; x_wconf 91' lang='lat'>‘</span> <span class='ocrx_word' id='word_1_308' title='bbox 1425 490 1593 519; x_wconf 80' lang='lat' dir='ltr'>Dextrum</span> <span class='ocrx_word' id='word_1_309' title='bbox 1620 486 1711 517; x_wconf 89' lang='lat' dir='ltr'>nuda</span> <span class='ocrx_word' id='word_1_310' title='bbox 1736 486 1834 526; x_wconf 85' lang='lat' dir='ltr'>latus,</span> 
     </span>
     <span class='ocr_line' id='line_1_60' title="bbox 1135 537 1699 570; baseline -0.007 0"><span class='ocrx_word' id='word_1_311' title='bbox 1135 540 1248 570; x_wconf 85' lang='lat' dir='ltr'>niveos</span> <span class='ocrx_word' id='word_1_312' title='bbox 1263 544 1396 570; x_wconf 81' lang='lat' dir='ltr'>exserta</span> <span class='ocrx_word' id='word_1_313' title='bbox 1410 537 1577 570; x_wconf 66' lang='lat' dir='ltr'>lacertos!</span> <span class='ocrx_word' id='word_1_314' title='bbox 1604 537 1699 567; x_wconf 86' lang='lat' dir='ltr'>Idem.</span> 
     </span>
    </p>

    <p class='ocr_par' dir='ltr' id='par_1_14' title="bbox 1135 587 1834 718">
     <span class='ocr_line' id='line_1_61' title="bbox 1177 587 1832 628; baseline -0.005 -9"><span class='ocrx_word' id='word_1_315' title='bbox 1177 592 1216 619; x_wconf 87' lang='lat'>21</span> <span class='ocrx_word' id='word_1_316' title='bbox 1245 587 1506 628; x_wconf 79' lang='lat' dir='ltr'>Consanguineos]</span> <span class='ocrx_word' id='word_1_317' title='bbox 1539 588 1627 618; x_wconf 88' lang='lat' dir='ltr'>Vide</span> <span class='ocrx_word' id='word_1_318' title='bbox 1651 587 1832 617; x_wconf 82' lang='lat' dir='ltr'>maximum</span> 
     </span>
     <span class='ocr_line' id='line_1_62' title="bbox 1136 636 1834 678; baseline -0.004 -9"><span class='ocrx_word' id='word_1_319' title='bbox 1136 639 1312 678; x_wconf 79' lang='lat' dir='ltr'>Cujncium</span> <span class='ocrx_word' id='word_1_320' title='bbox 1340 638 1523 668; x_wconf 68' lang='lat' dir='ltr'>observat.</span> <span class='ocrx_word' id='word_1_321' title='bbox 1547 637 1631 667; x_wconf 87' lang='lat' dir='ltr'>libro</span> <span class='ocrx_word' id='word_1_322' title='bbox 1647 645 1697 667; x_wconf 81' lang='lat' dir='ltr'>xi.</span> <span class='ocrx_word' id='word_1_323' title='bbox 1721 636 1834 676; x_wconf 81' lang='lat' dir='ltr'>capite</span> 
     </span>
     <span class='ocr_line' id='line_1_63' title="bbox 1135 688 1327 718; baseline -0.005 0"><span class='ocrx_word' id='word_1_324' title='bbox 1135 690 1188 718; x_wconf 83' lang='lat'>26.</span> <span class='ocrx_word' id='word_1_325' title='bbox 1216 688 1327 718; x_wconf 75' lang='lat' dir='ltr'>Barth.</span> 
     </span>
    </p>

    <p class='ocr_par' dir='ltr' id='par_1_15' title="bbox 1129 735 1835 868">
     <span class='ocr_line' id='line_1_64' title="bbox 1179 735 1834 775; baseline -0.003 -7"><span class='ocrx_word' id='word_1_326' title='bbox 1179 740 1218 768; x_wconf 88' lang='grc'>23</span> <span class='ocrx_word' id='word_1_327' title='bbox 1244 737 1424 768; x_wconf 78' lang='lat' dir='ltr'>Dissimiles</span> <span class='ocrx_word' id='word_1_328' title='bbox 1438 736 1547 775; x_wconf 79' lang='lat' dir='ltr'>annos]</span> <span class='ocrx_word' id='word_1_329' title='bbox 1571 735 1618 766; x_wconf 83' lang='lat' dir='ltr'>Ut</span> <span class='ocrx_word' id='word_1_330' title='bbox 1641 735 1675 765; x_wconf 94' lang='lat' dir='ltr'>in</span> <span class='ocrx_word' id='word_1_331' title='bbox 1699 735 1834 766; x_wconf 80' lang='lat' dir='ltr'>senibus</span> 
     </span>
     <span class='ocr_line' id='line_1_65' title="bbox 1129 786 1835 827; baseline 0 -10"><span class='ocrx_word' id='word_1_332' title='bbox 1129 787 1309 827; x_wconf 78' lang='lat' dir='ltr'>juvenum,</span> <span class='ocrx_word' id='word_1_333' title='bbox 1326 787 1359 817; x_wconf 84' lang='lat' dir='ltr'>in</span> <span class='ocrx_word' id='word_1_334' title='bbox 1376 787 1424 817; x_wconf 83' lang='lat' dir='ltr'>bis</span> <span class='ocrx_word' id='word_1_335' title='bbox 1442 796 1558 818; x_wconf 80' lang='lat' dir='ltr'>sonum</span> <span class='ocrx_word' id='word_1_336' title='bbox 1576 786 1686 817; x_wconf 86' lang='lat' dir='ltr'>vultus</span> <span class='ocrx_word' id='word_1_337' title='bbox 1701 795 1835 826; x_wconf 77' lang='lat' dir='ltr'>compa·</span> 
     </span>
     <span class='ocr_line' id='line_1_66' title="bbox 1136 837 1344 868; baseline 0.01 -2"><span class='ocrx_word' id='word_1_338' title='bbox 1136 840 1221 867; x_wconf 84' lang='lat' dir='ltr'>reat.</span> <span class='ocrx_word' id='word_1_339' title='bbox 1247 837 1344 868; x_wconf 79' lang='lat' dir='ltr'>Idem.</span> 
     </span>
    </p>

    <p class='ocr_par' dir='ltr' id='par_1_16' title="bbox 1135 885 1836 1017">
     <span class='ocr_line' id='line_1_67' title="bbox 1178 885 1834 926; baseline 0 -10"><span class='ocrx_word' id='word_1_340' title='bbox 1178 886 1357 917; x_wconf 75' lang='lat' dir='ltr'>Dissimiles</span> <span class='ocrx_word' id='word_1_341' title='bbox 1381 885 1492 926; x_wconf 76' lang='lat' dir='ltr'>annos]</span> <span class='ocrx_word' id='word_1_342' title='bbox 1524 885 1651 917; x_wconf 73' lang='lat' dir='ltr'>Animos</span> <span class='ocrx_word' id='word_1_343' title='bbox 1675 886 1834 926; x_wconf 84' lang='lat' dir='ltr'>Isingrin.</span> 
     </span>
     <span class='ocr_line' id='line_1_68' title="bbox 1135 936 1836 967; baseline 0.001 -2"><span class='ocrx_word' id='word_1_344' title='bbox 1135 936 1264 967; x_wconf 84' lang='lat' dir='ltr'>Buslid.</span> <span class='ocrx_word' id='word_1_345' title='bbox 1288 941 1323 967; x_wconf 90' lang='lat' dir='ltr'>et</span> <span class='ocrx_word' id='word_1_346' title='bbox 1340 936 1407 967; x_wconf 83' lang='lat' dir='ltr'>duo</span> <span class='ocrx_word' id='word_1_347' title='bbox 1426 936 1576 966; x_wconf 84' lang='lat' dir='ltr'>Mcdicei</span> <span class='ocrx_word' id='word_1_348' title='bbox 1592 946 1667 966; x_wconf 89' lang='lat' dir='ltr'>cum</span> <span class='ocrx_word' id='word_1_349' title='bbox 1684 936 1836 967; x_wconf 83' lang='lat' dir='ltr'>Bartliio.</span> 
     </span>
     <span class='ocr_line' id='line_1_69' title="bbox 1139 986 1311 1017; baseline 0.006 -1"><span class='ocrx_word' id='word_1_350' title='bbox 1139 986 1182 1017; x_wconf 93' lang='lat' dir='ltr'>D.</span> <span class='ocrx_word' id='word_1_351' title='bbox 1197 986 1311 1017; x_wconf 84' lang='lat' dir='ltr'>IIeins.</span> 
     </span>
    </p>

    <p class='ocr_par' dir='ltr' id='par_1_17' title="bbox 1136 1035 1836 1125">
     <span class='ocr_line' id='line_1_70' title="bbox 1178 1035 1836 1075; baseline -0.003 -9"><span class='ocrx_word' id='word_1_352' title='bbox 1178 1038 1217 1066; x_wconf 82' lang='lat'>25</span> <span class='ocrx_word' id='word_1_353' title='bbox 1256 1037 1452 1067; x_wconf 78' lang='lat' dir='ltr'>Discrimina</span> <span class='ocrx_word' id='word_1_354' title='bbox 1490 1035 1643 1075; x_wconf 72' lang='lat' dir='ltr'>proebens]</span> <span class='ocrx_word' id='word_1_355' title='bbox 1685 1035 1836 1070; x_wconf 75' lang='lat' dir='ltr'>anereus</span> 
     </span>
     <span class='ocr_line' id='line_1_71' title="bbox 1136 1085 1686 1125; baseline -0.004 -10"><span class='ocrx_word' id='word_1_356' title='bbox 1136 1085 1233 1125; x_wconf 86' lang='lat' dir='ltr'>prim.</span> <span class='ocrx_word' id='word_1_357' title='bbox 1252 1087 1365 1116; x_wconf 83' lang='lat' dir='ltr'>Vatic.</span> <span class='ocrx_word' id='word_1_358' title='bbox 1380 1090 1415 1116; x_wconf 86' lang='lat' dir='ltr'>et</span> <span class='ocrx_word' id='word_1_359' title='bbox 1435 1087 1561 1116; x_wconf 81' lang='lat' dir='ltr'>Lovan.</span> <span class='ocrx_word' id='word_1_360' title='bbox 1588 1086 1686 1115; x_wconf 82' lang='lat' dir='ltr'>Idem.</span> 
     </span>
    </p>

    <p class='ocr_par' dir='ltr' id='par_1_18' title="bbox 1136 1135 1837 1274">
     <span class='ocr_line' id='line_1_72' title="bbox 1178 1135 1837 1173; baseline -0.002 -7"><span class='ocrx_word' id='word_1_361' title='bbox 1178 1140 1219 1166; x_wconf 79' lang='grc'>28</span> <span class='ocrx_word' id='word_1_362' title='bbox 1235 1137 1389 1166; x_wconf 78' lang='lat' dir='ltr'>Juvenum</span> <span class='ocrx_word' id='word_1_363' title='bbox 1405 1135 1547 1173; x_wconf 74' lang='lat' dir='ltr'>numina]</span> <span class='ocrx_word' id='word_1_364' title='bbox 1565 1135 1687 1165; x_wconf 83' lang='lat' dir='ltr'>Posset</span> <span class='ocrx_word' id='word_1_365' title='bbox 1704 1139 1738 1164; x_wconf 87' lang='lat' dir='ltr'>et</span> <span class='ocrx_word' id='word_1_366' title='bbox 1754 1135 1837 1165; x_wconf 82' lang='lat' dir='ltr'>scri-</span> 
     </span>
     <span class='ocr_line' id='line_1_73' title="bbox 1138 1184 1836 1216; baseline 0.003 -2"><span class='ocrx_word' id='word_1_367' title='bbox 1138 1185 1169 1215; x_wconf 90' lang='lat' dir='ltr'>bi</span> <span class='ocrx_word' id='word_1_368' title='bbox 1185 1186 1320 1215; x_wconf 75' lang='lat' dir='ltr'>luminu:</span> <span class='ocrx_word' id='word_1_369' title='bbox 1343 1185 1391 1216; x_wconf 80' lang='lat' dir='ltr'>sic</span> <span class='ocrx_word' id='word_1_370' title='bbox 1407 1185 1523 1214; x_wconf 80' lang='lat' dir='ltr'>Iumina</span> <span class='ocrx_word' id='word_1_371' title='bbox 1540 1184 1672 1214; x_wconf 77' lang='lat' dir='ltr'>Senatus</span> <span class='ocrx_word' id='word_1_372' title='bbox 1695 1188 1730 1215; x_wconf 92' lang='lat' dir='ltr'>et</span> <span class='ocrx_word' id='word_1_373' title='bbox 1749 1185 1836 1216; x_wconf 88' lang='lat' dir='ltr'>simi-</span> 
     </span>
     <span class='ocr_line' id='line_1_74' title="bbox 1136 1234 1724 1274; baseline 0.005 -12"><span class='ocrx_word' id='word_1_374' title='bbox 1136 1234 1180 1263; x_wconf 83' lang='lat' dir='ltr'>lia</span> <span class='ocrx_word' id='word_1_375' title='bbox 1197 1234 1320 1272; x_wconf 83' lang='lat' dir='ltr'>passim</span> <span class='ocrx_word' id='word_1_376' title='bbox 1336 1235 1423 1274; x_wconf 88' lang='lat' dir='ltr'>apud</span> <span class='ocrx_word' id='word_1_377' title='bbox 1435 1239 1603 1271; x_wconf 85' lang='lat' dir='ltr'>nostrum.</span> <span class='ocrx_word' id='word_1_378' title='bbox 1630 1234 1724 1265; x_wconf 77' lang='lat' dir='ltr'>Idem.</span> 
     </span>
    </p>

    <p class='ocr_par' dir='ltr' id='par_1_19' title="bbox 1136 1283 1834 1372">
     <span class='ocr_line' id='line_1_75' title="bbox 1178 1283 1834 1323; baseline 0.003 -10"><span class='ocrx_word' id='word_1_379' title='bbox 1178 1284 1333 1314; x_wconf 80' lang='lat' dir='ltr'>Juvenum</span> <span class='ocrx_word' id='word_1_380' title='bbox 1361 1283 1502 1323; x_wconf 78' lang='lat' dir='ltr'>numina]</span> <span class='ocrx_word' id='word_1_381' title='bbox 1542 1284 1610 1314; x_wconf 88' lang='lat' dir='ltr'>Pro</span> <span class='ocrx_word' id='word_1_382' title='bbox 1638 1284 1762 1315; x_wconf 86' lang='lat' dir='ltr'>talibus</span> <span class='ocrx_word' id='word_1_383' title='bbox 1792 1284 1834 1316; x_wconf 86' lang='lat' dir='ltr'>ad</span> 
     </span>
     <span class='ocr_line' id='line_1_76' title="bbox 1136 1333 1629 1372; baseline 0.006 -10"><span class='ocrx_word' id='word_1_384' title='bbox 1136 1334 1327 1372; x_wconf 79' lang='lat' dir='ltr'>exemplum</span> <span class='ocrx_word' id='word_1_385' title='bbox 1344 1333 1489 1365; x_wconf 84' lang='lat' dir='ltr'>colendi.</span> <span class='ocrx_word' id='word_1_386' title='bbox 1514 1334 1629 1365; x_wconf 75' lang='lat' dir='ltr'>Barth.</span> 
     </span>
    </p>

    <p class='ocr_par' dir='ltr' id='par_1_20' title="bbox 1134 1383 1835 1572">
     <span class='ocr_line' id='line_1_77' title="bbox 1177 1383 1835 1424; baseline 0.006 -11"><span class='ocrx_word' id='word_1_387' title='bbox 1177 1385 1219 1413; x_wconf 86' lang='lat'>29</span> <span class='ocrx_word' id='word_1_388' title='bbox 1243 1383 1364 1414; x_wconf 75' lang='lat' dir='ltr'>Medios</span> <span class='ocrx_word' id='word_1_389' title='bbox 1383 1385 1573 1424; x_wconf 65' lang='lat' dir='ltr'>properastis</span> <span class='ocrx_word' id='word_1_390' title='bbox 1588 1385 1619 1414; x_wconf 81' lang='lat' dir='ltr'>in</span> <span class='ocrx_word' id='word_1_391' title='bbox 1635 1384 1736 1424; x_wconf 80' lang='lat' dir='ltr'>ignes]</span> <span class='ocrx_word' id='word_1_392' title='bbox 1761 1385 1835 1417; x_wconf 87' lang='lat' dir='ltr'>Me-</span> 
     </span>
     <span class='ocr_line' id='line_1_78' title="bbox 1134 1433 1835 1474; baseline 0.006 -12"><span class='ocrx_word' id='word_1_393' title='bbox 1134 1433 1195 1463; x_wconf 84' lang='lat' dir='ltr'>lius</span> <span class='ocrx_word' id='word_1_394' title='bbox 1220 1434 1444 1464; x_wconf 62' lang='lat' dir='ltr'>membranae:</span> <span class='ocrx_word' id='word_1_395' title='bbox 1471 1435 1567 1465; x_wconf 80' lang='lat' dir='ltr'>medio</span> <span class='ocrx_word' id='word_1_396' title='bbox 1590 1435 1780 1474; x_wconf 75' lang='lat' dir='ltr'>properastis</span> <span class='ocrx_word' id='word_1_397' title='bbox 1804 1437 1835 1466; x_wconf 83' lang='lat' dir='ltr'>in</span> 
     </span>
     <span class='ocr_line' id='line_1_79' title="bbox 1134 1483 1834 1525; baseline 0.006 -13"><span class='ocrx_word' id='word_1_398' title='bbox 1134 1483 1215 1521; x_wconf 79' lang='lat' dir='ltr'>igne.</span> <span class='ocrx_word' id='word_1_399' title='bbox 1248 1483 1326 1513; x_wconf 82' lang='lat' dir='ltr'>Non</span> <span class='ocrx_word' id='word_1_400' title='bbox 1353 1484 1442 1514; x_wconf 88' lang='lat' dir='ltr'>enim</span> <span class='ocrx_word' id='word_1_401' title='bbox 1470 1485 1645 1515; x_wconf 81' lang='lat' dir='ltr'>redierunt</span> <span class='ocrx_word' id='word_1_402' title='bbox 1669 1486 1700 1515; x_wconf 92' lang='lat' dir='ltr'>in</span> <span class='ocrx_word' id='word_1_403' title='bbox 1723 1485 1834 1525; x_wconf 75' lang='lat' dir='ltr'>ignem</span> 
     </span>
     <span class='ocr_line' id='line_1_80' title="bbox 1134 1533 1565 1572; baseline 0.007 -10"><span class='ocrx_word' id='word_1_404' title='bbox 1134 1533 1253 1562; x_wconf 83' lang='lat' dir='ltr'>tollere</span> <span class='ocrx_word' id='word_1_405' title='bbox 1271 1538 1443 1572; x_wconf 81' lang='lat' dir='ltr'>parentes.</span> <span class='ocrx_word' id='word_1_406' title='bbox 1469 1534 1565 1566; x_wconf 79' lang='lat' dir='ltr'>Idem.</span> 
     </span>
    </p>

    <p class='ocr_par' dir='ltr' id='par_1_21' title="bbox 1132 1583 1835 1767">
     <span class='ocr_line' id='line_1_81' title="bbox 1178 1583 1834 1624; baseline 0.005 -12"><span class='ocrx_word' id='word_1_407' title='bbox 1178 1583 1299 1613; x_wconf 59' lang='lat' dir='ltr'>alodios</span> <span class='ocrx_word' id='word_1_408' title='bbox 1325 1586 1513 1623; x_wconf 77' lang='lat' dir='ltr'>properastis</span> <span class='ocrx_word' id='word_1_409' title='bbox 1543 1585 1575 1614; x_wconf 82' lang='lat' dir='ltr'>in</span> <span class='ocrx_word' id='word_1_410' title='bbox 1606 1585 1707 1624; x_wconf 81' lang='lat' dir='ltr'>ignes]</span> <span class='ocrx_word' id='word_1_411' title='bbox 1742 1584 1834 1615; x_wconf 82' lang='lat' dir='ltr'>Cave</span> 
     </span>
     <span class='ocr_line' id='line_1_82' title="bbox 1132 1637 1835 1677; baseline 0.003 -12"><span class='ocrx_word' id='word_1_412' title='bbox 1132 1640 1243 1666; x_wconf 84' lang='lat' dir='ltr'>mutes</span> <span class='ocrx_word' id='word_1_413' title='bbox 1256 1646 1331 1666; x_wconf 88' lang='lat' dir='ltr'>cum</span> <span class='ocrx_word' id='word_1_414' title='bbox 1348 1637 1502 1674; x_wconf 83' lang='lat' dir='ltr'>Bartbio,</span> <span class='ocrx_word' id='word_1_415' title='bbox 1524 1645 1598 1667; x_wconf 89' lang='lat' dir='ltr'>cum</span> <span class='ocrx_word' id='word_1_416' title='bbox 1621 1637 1707 1667; x_wconf 80' lang='lat' dir='ltr'>banc</span> <span class='ocrx_word' id='word_1_417' title='bbox 1733 1637 1835 1677; x_wconf 88' lang='lat' dir='ltr'>scrip-</span> 
     </span>
     <span class='ocr_line' id='line_1_83' title="bbox 1134 1686 1832 1726; baseline 0.001 -10"><span class='ocrx_word' id='word_1_418' title='bbox 1134 1690 1243 1716; x_wconf 87' lang='lat' dir='ltr'>turam</span> <span class='ocrx_word' id='word_1_419' title='bbox 1275 1686 1409 1717; x_wconf 76' lang='lat' dir='ltr'>codices</span> <span class='ocrx_word' id='word_1_420' title='bbox 1439 1696 1554 1717; x_wconf 88' lang='lat' dir='ltr'>omncs</span> <span class='ocrx_word' id='word_1_421' title='bbox 1580 1692 1707 1726; x_wconf 82' lang='lat' dir='ltr'>praetcr</span> <span class='ocrx_word' id='word_1_422' title='bbox 1734 1696 1832 1717; x_wconf 90' lang='lat' dir='ltr'>unum</span> 
     </span>
     <span class='ocr_line' id='line_1_84' title="bbox 1135 1736 1717 1767; baseline -0.002 -1"><span class='ocrx_word' id='word_1_423' title='bbox 1135 1736 1329 1766; x_wconf 82' lang='lat' dir='ltr'>Palatinum</span> <span class='ocrx_word' id='word_1_424' title='bbox 1348 1741 1519 1767; x_wconf 82' lang='lat' dir='ltr'>tueantur.</span> <span class='ocrx_word' id='word_1_425' title='bbox 1545 1737 1587 1767; x_wconf 94' lang='lat' dir='ltr'>D.</span> <span class='ocrx_word' id='word_1_426' title='bbox 1608 1736 1717 1766; x_wconf 70' lang='lat' dir='ltr'>Heius.</span> 
     </span>
    </p>

    <p class='ocr_par' dir='ltr' id='par_1_22' title="bbox 1133 1786 1832 1869">
     <span class='ocr_line' id='line_1_85' title="bbox 1177 1786 1832 1826; baseline 0 -9"><span class='ocrx_word' id='word_1_427' title='bbox 1177 1789 1216 1817; x_wconf 79' lang='lat'>83</span> <span class='ocrx_word' id='word_1_428' title='bbox 1243 1787 1493 1826; x_wconf 73' lang='lat' dir='ltr'>Reditmlantem]</span> <span class='ocrx_word' id='word_1_429' title='bbox 1518 1787 1638 1823; x_wconf 78' lang='lat' dir='ltr'>Undis,</span> <span class='ocrx_word' id='word_1_430' title='bbox 1662 1786 1832 1825; x_wconf 83' lang='lat' dir='ltr'>fluctibus,</span> 
     </span>
     <span class='ocr_line' id='line_1_86' title="bbox 1133 1837 1646 1869; baseline -0.002 -1"><span class='ocrx_word' id='word_1_431' title='bbox 1133 1837 1270 1868; x_wconf 73' lang='lat' dir='ltr'>flumine</span> <span class='ocrx_word' id='word_1_432' title='bbox 1287 1837 1506 1869; x_wconf 79' lang='lat' dir='ltr'>flammarum.</span> <span class='ocrx_word' id='word_1_433' title='bbox 1531 1838 1646 1868; x_wconf 74' lang='lat' dir='ltr'>Barth.</span> 
     </span>
    </p>

    <p class='ocr_par' dir='ltr' id='par_1_23' title="bbox 1131 1887 1832 2076">
     <span class='ocr_line' id='line_1_87' title="bbox 1177 1887 1831 1928; baseline 0 -10"><span class='ocrx_word' id='word_1_434' title='bbox 1177 1891 1215 1918; x_wconf 73' lang='lat'>34</span> <span class='ocrx_word' id='word_1_435' title='bbox 1254 1888 1398 1928; x_wconf 65' lang='lat' dir='ltr'>Exempli</span> <span class='ocrx_word' id='word_1_436' title='bbox 1431 1891 1626 1919; x_wconf 72' lang='lat' dir='ltr'>monumenta</span> <span class='ocrx_word' id='word_1_437' title='bbox 1654 1887 1716 1927; x_wconf 72' lang='lat' dir='ltr'>pii]</span> <span class='ocrx_word' id='word_1_438' title='bbox 1749 1887 1831 1918; x_wconf 82' lang='lat' dir='ltr'>Rem</span> 
     </span>
     <span class='ocr_line' id='line_1_88' title="bbox 1134 1937 1831 1977; baseline -0.001 -9"><span class='ocrx_word' id='word_1_439' title='bbox 1134 1938 1230 1977; x_wconf 93' lang='lat' dir='ltr'>cujus</span> <span class='ocrx_word' id='word_1_440' title='bbox 1258 1938 1420 1968; x_wconf 75' lang='lat' dir='ltr'>memoria</span> <span class='ocrx_word' id='word_1_441' title='bbox 1461 1937 1576 1967; x_wconf 80' lang='lat' dir='ltr'>futura</span> <span class='ocrx_word' id='word_1_442' title='bbox 1610 1947 1667 1976; x_wconf 87' lang='lat' dir='ltr'>pro</span> <span class='ocrx_word' id='word_1_443' title='bbox 1697 1937 1831 1977; x_wconf 81' lang='lat' dir='ltr'>pietatis</span> 
     </span>
     <span class='ocr_line' id='line_1_89' title="bbox 1134 1987 1832 2027; baseline 0 -10"><span class='ocrx_word' id='word_1_444' title='bbox 1134 1988 1289 2027; x_wconf 77' lang='lat' dir='ltr'>exemplo</span> <span class='ocrx_word' id='word_1_445' title='bbox 1328 1987 1479 2018; x_wconf 85' lang='lat' dir='ltr'>omnibus</span> <span class='ocrx_word' id='word_1_446' title='bbox 1517 1988 1674 2027; x_wconf 75' lang='lat' dir='ltr'>posteris.</span> <span class='ocrx_word' id='word_1_447' title='bbox 1719 1987 1832 2017; x_wconf 78' lang='lat' dir='ltr'>Exem-</span> 
     </span>
     <span class='ocr_line' id='line_1_90' title="bbox 1131 2037 1831 2076; baseline 0.001 -10"><span class='ocrx_word' id='word_1_448' title='bbox 1131 2038 1226 2076; x_wconf 78' lang='lat' dir='ltr'>plum,</span> <span class='ocrx_word' id='word_1_449' title='bbox 1240 2046 1291 2066; x_wconf 80' lang='lat' dir='ltr'>res</span> <span class='ocrx_word' id='word_1_450' title='bbox 1310 2037 1498 2067; x_wconf 79' lang='lat' dir='ltr'>imitatione</span> <span class='ocrx_word' id='word_1_451' title='bbox 1512 2037 1715 2075; x_wconf 60' lang='lat' dir='ltr'>dignissima.</span> <span class='ocrx_word' id='word_1_452' title='bbox 1736 2037 1831 2067; x_wconf 82' lang='lat' dir='ltr'>Idem.</span> 
     </span>
    </p>

    <p class='ocr_par' dir='ltr' id='par_1_24' title="bbox 1135 2087 1831 2178">
     <span class='ocr_line' id='line_1_91' title="bbox 1176 2087 1831 2129; baseline -0.002 -11"><span class='ocrx_word' id='word_1_453' title='bbox 1176 2090 1215 2117; x_wconf 83' lang='lat'>35</span> <span class='ocrx_word' id='word_1_454' title='bbox 1244 2089 1405 2118; x_wconf 77' lang='lat' dir='ltr'>Elementa</span> <span class='ocrx_word' id='word_1_455' title='bbox 1423 2088 1538 2129; x_wconf 81' lang='lat' dir='ltr'>fidem]</span> <span class='ocrx_word' id='word_1_456' title='bbox 1573 2087 1703 2118; x_wconf 80' lang='lat' dir='ltr'>Fidelia</span> <span class='ocrx_word' id='word_1_457' title='bbox 1726 2087 1831 2118; x_wconf 81' lang='lat' dir='ltr'>tideli-</span> 
     </span>
     <span class='ocr_line' id='line_1_92' title="bbox 1135 2136 1696 2178; baseline -0.002 -11"><span class='ocrx_word' id='word_1_458' title='bbox 1135 2136 1195 2167; x_wconf 81' lang='lat' dir='ltr'>bus</span> <span class='ocrx_word' id='word_1_459' title='bbox 1211 2138 1304 2178; x_wconf 78' lang='lat' dir='ltr'>quasi</span> <span class='ocrx_word' id='word_1_460' title='bbox 1324 2148 1365 2167; x_wconf 75' lang='lat' dir='ltr'>cx</span> <span class='ocrx_word' id='word_1_461' title='bbox 1382 2142 1572 2176; x_wconf 71' lang='lat' dir='ltr'>compacto.</span> <span class='ocrx_word' id='word_1_462' title='bbox 1599 2138 1696 2167; x_wconf 83' lang='lat' dir='ltr'>Idem.</span> 
     </span>
    </p>

    <p class='ocr_par' dir='ltr' id='par_1_25' title="bbox 1129 2186 1832 2619">
     <span class='ocr_line' id='line_1_93' title="bbox 1176 2186 1831 2226; baseline 0 -10"><span class='ocrx_word' id='word_1_463' title='bbox 1176 2187 1274 2216; x_wconf 76' lang='lat' dir='ltr'>I&#39;ater</span> <span class='ocrx_word' id='word_1_464' title='bbox 1296 2186 1393 2226; x_wconf 72' lang='lat' dir='ltr'>affuit</span> <span class='ocrx_word' id='word_1_465' title='bbox 1419 2186 1530 2225; x_wconf 66' lang='lat' dir='ltr'>wilm]</span> <span class='ocrx_word' id='word_1_466' title='bbox 1558 2186 1726 2223; x_wconf 65' lang='lat' dir='ltr'>chebam</span> <span class='ocrx_word' id='word_1_467' title='bbox 1752 2187 1831 2217; x_wconf 89' lang='lat' dir='ltr'>olim</span> 
     </span>
     <span class='ocr_line' id='line_1_94' title="bbox 1129 2235 1832 2276; baseline 0 -11"><span class='ocrx_word' id='word_1_468' title='bbox 1129 2237 1228 2275; x_wconf 81' lang='lat' dir='ltr'>patri,</span> <span class='ocrx_word' id='word_1_469' title='bbox 1251 2235 1310 2266; x_wconf 78' lang='lat' dir='ltr'>sed</span> <span class='ocrx_word' id='word_1_470' title='bbox 1329 2237 1382 2265; x_wconf 75' lang='lat' dir='ltr'>vix</span> <span class='ocrx_word' id='word_1_471' title='bbox 1401 2246 1502 2275; x_wconf 87' lang='lat' dir='ltr'>opus:</span> <span class='ocrx_word' id='word_1_472' title='bbox 1528 2246 1568 2266; x_wconf 72' lang='lat' dir='ltr'>cx</span> <span class='ocrx_word' id='word_1_473' title='bbox 1589 2235 1738 2266; x_wconf 86' lang='lat' dir='ltr'>Lucretii</span> <span class='ocrx_word' id='word_1_474' title='bbox 1767 2236 1832 2276; x_wconf 88' lang='lat' dir='ltr'>pri-</span> 
     </span>
     <span class='ocr_line' id='line_1_95' title="bbox 1133 2285 1831 2326; baseline 0.003 -11"><span class='ocrx_word' id='word_1_475' title='bbox 1133 2295 1186 2316; x_wconf 88' lang='lat' dir='ltr'>mo</span> <span class='ocrx_word' id='word_1_476' title='bbox 1203 2285 1276 2315; x_wconf 76' lang='lat' dir='ltr'>liaec</span> <span class='ocrx_word' id='word_1_477' title='bbox 1301 2285 1522 2325; x_wconf 81' lang='lat' dir='ltr'>deprompta:</span> <span class='ocrx_word' id='word_1_478' title='bbox 1546 2288 1554 2302; x_wconf 87' lang='lat'>‘</span> <span class='ocrx_word' id='word_1_479' title='bbox 1576 2287 1753 2316; x_wconf 63' lang='lat' dir='ltr'>Postremo</span> <span class='ocrx_word' id='word_1_480' title='bbox 1776 2295 1831 2326; x_wconf 87' lang='lat' dir='ltr'>pe-</span> 
     </span>
     <span class='ocr_line' id='line_1_96' title="bbox 1134 2335 1832 2374; baseline 0.003 -9"><span class='ocrx_word' id='word_1_481' title='bbox 1134 2339 1231 2365; x_wconf 85' lang='lat' dir='ltr'>reunt</span> <span class='ocrx_word' id='word_1_482' title='bbox 1249 2335 1386 2373; x_wconf 83' lang='lat' dir='ltr'>imbres,</span> <span class='ocrx_word' id='word_1_483' title='bbox 1402 2335 1457 2365; x_wconf 91' lang='lat' dir='ltr'>ubi</span> <span class='ocrx_word' id='word_1_484' title='bbox 1475 2345 1530 2365; x_wconf 81' lang='lat' dir='ltr'>eos</span> <span class='ocrx_word' id='word_1_485' title='bbox 1548 2341 1644 2374; x_wconf 70' lang='lat' dir='ltr'>pater</span> <span class='ocrx_word' id='word_1_486' title='bbox 1661 2336 1768 2367; x_wconf 69' lang='lat' dir='ltr'>sethei·</span> <span class='ocrx_word' id='word_1_487' title='bbox 1790 2336 1832 2367; x_wconf 89' lang='lat' dir='ltr'>In</span> 
     </span>
     <span class='ocr_line' id='line_1_97' title="bbox 1133 2385 1831 2425; baseline 0.004 -11"><span class='ocrx_word' id='word_1_488' title='bbox 1133 2386 1295 2423; x_wconf 67' lang='lat' dir='ltr'>gremium</span> <span class='ocrx_word' id='word_1_489' title='bbox 1319 2386 1434 2415; x_wconf 73' lang='lat' dir='ltr'>matris</span> <span class='ocrx_word' id='word_1_490' title='bbox 1454 2387 1555 2416; x_wconf 83' lang='lat' dir='ltr'>terrai</span> <span class='ocrx_word' id='word_1_491' title='bbox 1578 2385 1831 2425; x_wconf 66' lang='lat' dir='ltr'>praecipitavit-⁸</span> 
     </span>
     <span class='ocr_line' id='line_1_98' title="bbox 1134 2436 1830 2477; baseline 0.004 -13"><span class='ocrx_word' id='word_1_492' title='bbox 1134 2437 1219 2467; x_wconf 57' lang='lat' dir='ltr'>Qua),</span> <span class='ocrx_word' id='word_1_493' title='bbox 1245 2441 1279 2466; x_wconf 85' lang='lat' dir='ltr'>ct</span> <span class='ocrx_word' id='word_1_494' title='bbox 1302 2436 1462 2475; x_wconf 73' lang='lat' dir='ltr'>Virgilius</span> <span class='ocrx_word' id='word_1_495' title='bbox 1478 2436 1629 2476; x_wconf 72' lang='lat' dir='ltr'>respexit</span> <span class='ocrx_word' id='word_1_496' title='bbox 1646 2437 1773 2477; x_wconf 84' lang='lat' dir='ltr'>Georg.</span> <span class='ocrx_word' id='word_1_497' title='bbox 1789 2445 1830 2468; x_wconf 84' lang='grc'>11.</span> 
     </span>
     <span class='ocr_line' id='line_1_99' title="bbox 1133 2485 1829 2526; baseline 0.003 -11"><span class='ocrx_word' id='word_1_498' title='bbox 1133 2488 1140 2501; x_wconf 76' lang='lat'>⁶</span> <span class='ocrx_word' id='word_1_499' title='bbox 1158 2486 1244 2515; x_wconf 85' lang='lat' dir='ltr'>Tum</span> <span class='ocrx_word' id='word_1_500' title='bbox 1257 2487 1578 2526; x_wconf 76' lang='lat' dir='ltr'>pateroninipotens</span> <span class='ocrx_word' id='word_1_501' title='bbox 1596 2485 1758 2517; x_wconf 68' lang='lat' dir='ltr'>fwcundis</span> <span class='ocrx_word' id='word_1_502' title='bbox 1772 2486 1829 2517; x_wconf 84' lang='lat' dir='ltr'>iin-</span> 
     </span>
     <span class='ocr_line' id='line_1_100' title="bbox 1135 2535 1828 2577; baseline 0.003 -12"><span class='ocrx_word' id='word_1_503' title='bbox 1135 2535 1247 2566; x_wconf 78' lang='lat' dir='ltr'>bribus</span> <span class='ocrx_word' id='word_1_504' title='bbox 1275 2537 1381 2566; x_wconf 73' lang='lat' dir='ltr'>aetber</span> <span class='ocrx_word' id='word_1_505' title='bbox 1405 2537 1567 2577; x_wconf 64' lang='lat' dir='ltr'>Conjuzis</span> <span class='ocrx_word' id='word_1_506' title='bbox 1600 2538 1632 2567; x_wconf 90' lang='lat' dir='ltr'>in</span> <span class='ocrx_word' id='word_1_507' title='bbox 1665 2537 1828 2577; x_wconf 86' lang='lat' dir='ltr'>gremium</span> 
     </span>
     <span class='ocr_line' id='line_1_101' title="bbox 1135 2586 1646 2619; baseline 0.006 -4"><span class='ocrx_word' id='word_1_508' title='bbox 1135 2586 1221 2616; x_wconf 72' lang='lat' dir='ltr'>laetae</span> <span class='ocrx_word' id='word_1_509' title='bbox 1247 2586 1447 2617; x_wconf 69' lang='lat' dir='ltr'>descendit.¹</span> <span class='ocrx_word' id='word_1_510' title='bbox 1476 2587 1646 2619; x_wconf 74' lang='lat' dir='ltr'>J).1102&#39;ns.</span> 
     </span>
    </p>

    <p class='ocr_par' dir='ltr' id='par_1_26' title="bbox 1133 2635 1826 2718">
     <span class='ocr_line' id='line_1_102' title="bbox 1175 2635 1826 2682; baseline 0.005 -17"><span class='ocrx_word' id='word_1_511' title='bbox 1175 2638 1215 2666; x_wconf 81' lang='lat'>37</span> <span class='ocrx_word' id='word_1_512' title='bbox 1240 2635 1389 2677; x_wconf 82' lang='lat' dir='ltr'>Lacones]</span> <span class='ocrx_word' id='word_1_513' title='bbox 1412 2635 1550 2668; x_wconf 81' lang='lat' dir='ltr'>Laconas</span> <span class='ocrx_word' id='word_1_514' title='bbox 1575 2647 1651 2668; x_wconf 77' lang='lat' dir='ltr'>cuin</span> <span class='ocrx_word' id='word_1_515' title='bbox 1680 2637 1826 2682; x_wconf 54' lang='lat' dir='ltr'>scripti&amp;</span> 
     </span>
     <span class='ocr_line' id='line_1_103' title="bbox 1133 2685 1232 2718; baseline 0.03 -3"><span class='ocrx_word' id='word_1_516' title='bbox 1133 2685 1232 2718; x_wconf 81' lang='lat' dir='ltr'>Idem.</span> 
     </span>
    </p>
   </div>
  </div>
 </body>
</html>
