1859 3148
318 182 430 224 1576

319 287 437 318 artibus
452 288 580 318 assuetis
604 287 698 317 multi
717 292 847 317 veteres
863 287 992 317 assiduis
1006 297 1015 321 ,·

321 336 379 368 sed
398 346 586 376 perperam.
613 338 654 367 D.
675 336 781 367 [Itius.

366 386 528 417 Musarum
544 387 692 425 studium]
725 388 779 417 Sic
806 387 884 416 alibi
904 391 1014 416 vatem

320 446 369 473 ne,
387 446 450 467 non
464 437 527 466 alio
542 437 644 469 inani<
659 437 788 466 nomine
805 436 1019 473 ιειΙονίῐιῑιιτιι-«ς,

323 487 486 527 appellat,
505 486 699 524 Aganippes
718 491 750 515 ct
769 486 941 515 Pieridum
960 485 1017 515 cli-

323 543 447 572 entem,
486 536 595 575 epotis
618 536 688 574 jam
722 535 861 566 Musicis
889 536 1018 566 scilicet

324 588 470 620 fluentis,
495 588 608 617 Barth.

370 642 407 668 1-1
433 639 512 667 ,lnce
535 636 640 676 pedes]
681 637 810 668 Habitu
841 637 1017 677 supplicis,

329 688 421 718 Idem.

370 740 406 766 15
436 736 531 766 Favet
555 737 690 776 somnus]
724 737 763 767 In
793 747 828 767 re
857 737 1021 776 praeclara

327 787 426 816 etiam
459 792 634 816 not-turum
666 787 828 823 imagines
859 787 1019 816 virtutem

327 836 424 865 animi
453 835 706 865 commendant:
732 840 851 866 contra
873 835 1022 865 nocenti-

328 886 387 915 bus
403 885 587 915 bominibus
602 885 727 924 evenit,
742 895 824 926 quos
841 886 914 926 ipsa
929 886 1022 927 quies

328 934 517 965 conturbat.
543 934 638 965 Idem.

372 987 410 1013 16
437 985 555 1014 corona
567 984 668 1024 chori]
691 985 798 1016 Locus
812 986 900 1017 enim
914 986 1023 1017 oranti

331 1035 460 1065 medius
478 1035 588 1065 datur.
616 1035 710 1066 Idem.

372 1088 410 1115 17
439 1085 607 1115 Enceladus
632 1086 709 1116 mihi
733 1096 853 1116 carmen
876 1086 956 1126 erut]
984 1086 1024 1116 13-

332 1134 408 1164 tiam
428 1135 540 1173 pueris
556 1140 643 1165 notae
662 1136 808 1166 Fabulae.
833 1136 928 1166 Idem.

379 1184 540 1223 sidusque
556 1184 727 1224 Typhoeus]
764 1186 946 1225 Vinctusque
970 1195 1026 1215 no-

333 1246 405 1265 veni
432 1236 549 1275 scripti
575 1246 650 1266 cum
669 1235 861 1273 Oiselia1103
899 1236 1024 1275 probe:

331 1286 459 1315 dictum
488 1294 543 1314 111.
563 1286 664 1315 Cons.
691 1286 782 1315 lion.
806 1296 853 1316 vs.
874 1289 943 1316 158.
983 1286 1026 1316 D.

333 1335 443 1365 Illim.

376 1389 413 1415 18
438 1385 502 1414 Hic
514 1384 594 1414 subit
610 1383 779 1422 Inarimen]
803 1383 857 1413 Ita
875 1384 1026 1423 plerique

332 1434 476 1464 codices.
498 1433 609 1472 Vulgo
626 1432 719 1463 Hunc
734 1433 845 1472 premit
863 1433 1026 1471 Inarimes,

332 1485 418 1524 quod
445 1483 524 1514 ferri
547 1492 613 1512 non
637 1488 764 1522 potest,
788 1493 862 1513 cum
891 1484 1026 1514 Inarime

331 1533 506 1564 :licendum
520 1532 638 1563 fuerit:
662 1543 738 1563 nam
751 1533 941 1564 Claverium
955 1544 1026 1564 cor-

331 1590 449 1623 ruptus
479 1583 587 1613 Servii
620 1582 727 1613 codex
757 1583 904 1622 decepit.
960 1585 1026 1614 l’ro

330 1635 431 1663 domat
449 1633 515 1662 duo
531 1631 606 1662 libri
622 1632 746 1671 premit.
772 1632 877 1663 Idem.

376 1681 542 1721 Inarimes]
565 1681 693 1712 Montis
715 1692 834 1713 nomen
851 1692 947 1723 quem
963 1684 1027 1723 'ry-

334 1732 445 1773 phteo,
463 1737 520 1764 aut
537 1731 719 1768 Encelado,
737 1732 927 1773 injecerunt
944 1734 1028 1764 Poe-

335 1790 390 1821 ια),
405 1792 479 1813 cum
497 1793 556 1812 suo
572 1782 671 1813 Jove.

376 1831 540 1871 Inarimes]
564 1833 662 1863 Mona
679 1830 756 1871 fnit,
773 1833 826 1873 qui
846 1838 943 1863 terrae
962 1843 1028 1864 mo-

334 1890 367 1913 tu
381 1882 526 1913 diffissus
540 1884 679 1913 alteram
694 1884 835 1914 insulam
851 1883 944 1921 feeit,
955 1895 1028 1925 quae

335 1935 488 1975 Prochyta
499 1935 540 1965 ab
551 1933 714 1965 effusione
726 1935 828 1966 dicta.
854 1937 940 1967 Vide
952 1938 1028 1967 Ser-

335 1986 420 2014 vium
441 1985 471 2014 in
489 1993 539 2015 lx.
559 1984 688 2015 AEneid.
715 1985 835 2016 Clare-r.

379 2035 494 2065 Grai-is
511 2035 622 2075 ἱέντα]
656 2036 876 2067 Proverbium
902 2042 1029 2068 notum.

337 2085 437 2114 lutam
454 2086 608 2125 Typhoeo
634 2086 795 2126 injectam
819 2088 1030 2119 constantior

336 2134 433 2164 samu.
462 2134 569 2164 Barth.

524 193 664 223 NOTAE
697 192 956 222 VARIORUM
992 191 1042 221 IN
1077 191 1150 220 CL·
1181 189 1362 220 CLAUD.
1396 189 1561 220 xxvu.

1108 288 1147 316 19
1172 285 1272 319 Quam
1285 283 1401 323 laetum]
1421 284 1497 314 Non
1508 284 1596 313 loetus
1605 282 1760 314 meliores

1066 335 1206 375 scripti:
1245 335 1285 365 ad
1317 333 1634 373 Gigantomachiam
1669 342 1760 363 suam

1067 386 1202 415 videtur
1219 385 1380 415 allusisse.
1406 384 1449 414 D.
1468 383 1579 413 Heius.

1109 439 1150 466 20
1178 436 1312 466 I’roemia
1329 435 1464 475 miiitiae]
1497 433 1634 474 Imperii
1651 433 1765 465 coeles-

1069 486 1111 516 tis
1127 485 1360 515 firmationem.
1388 485 1499 515 Barth.

1111 538 1147 566 21
1178 535 1299 574 Imago]
1324 536 1463 574 Species
1488 544 1603 565 somno
1629 534 1764 565 oblata:

1070 595 1144 625 qua*
1163 594 1236 615 cum
1254 585 1333 615 nihil
1358 585 1412 623 sit,
1435 584 1562 625 aliquid
1588 588 1699 614 tamen
1716 592 1767 613 re-

1070 632 1170 670 serat,
1195 634 1304 673 imago
1328 643 1439 664 rerum
1463 634 1677 664 existentium
1695 642 1770 673 per-

1070 683 1217 714 hibetur.
1246 685 1339 715 Idem.

1113 738 1154 765 22
1180 735 1293 776 Irrita]
1318 735 1452 765 Nullius
1470 736 1654 773 momenti3
1682 736 1767 767 unde

1071 784 1217 822 irritare,
1244 785 1277 814 in
1302 794 1421 815 vanum
1451 785 1605 825 redigere
1636 786 1770 827 sequior

1073 839 1154 865 aetas
1171 834 1269 865 dixit.
1294 835 1390 866 Idem.

1115 885 1205 914 Misit
1221 884 1309 925 ebur]
1346 886 1454 916 Mittit
1473 886 1564 926 prior
1581 886 1708 917 Moreti
1733 892 1768 919 et

1074 934 1140 964 duo
1167 934 1233 965 alii.
1280 935 1361 965 Mox
1393 938 1559 976 aequandus
1582 946 1643 977 pro
1668 947 1772 977 ‹equa-

1073 987 1122 1014 tus
1136 984 1246 1014 Delrii
1263 984 1370 1015 codex
1388 990 1423 1015 et
1447 995 1489 1015 ex
1517 987 1639 1017 nostris
1666 996 1772 1019 nnus:

1075 1034 1198 1073 placet.
1223 1035 1265 1065 D.
1285 1034 1393 1066 Heius.

1118 1085 1221 1125 Ebur]
1244 1086 1332 1116 Dum
1348 1091 1453 1126 portae
1468 1087 1669 1117 somniorum
1683 1087 1774 1127 apud

1076 1133 1202 1165 inferos
1219 1135 1349 1171 Poetis,
1372 1136 1491 1176 quibus
1507 1137 1627 1166 emissa
1645 1145 1683 1166 ea
1699 1145 1773 1168 sese

1077 1185 1232 1223 ingerant
1257 1185 1376 1224 sopitis
1402 1185 1612 1224 mortalibus,
1640 1185 1774 1218 Cornea

1077 1244 1246 1271 verorum,
1262 1235 1421 1265 Eburnea
1438 1245 1610 1266 vanorum.

1119 1287 1158 1314 23
1186 1285 1234 1314 Εη
1254 1286 1418 1325 Princeps]
1450 1285 1518 1316 Per
1537 1286 1710 1326 Principem
1727 1287 1775 1317 in-

1078 1335 1191 1374 tellige
1210 1335 1395 1366 Honorium
1412 1335 1499 1376 Aug.
1515 1336 1569 1376 qui
1586 1336 1651 1368 Dei
1666 1347 1778 1378 perso-

1076 1394 1152 1415 nam
1170 1385 1312 1416 sustinet
1329 1385 1361 1415 in
1379 1386 1487 1417 terris.
1532 1386 1601 1417 Per
1618 1387 1713 1426 Deos,
1730 1387 1778 1418 in—

1077 1436 1193 1475 tellige
1223 1436 1311 1467 viros
1348 1437 1521 1476 inlustres,
1560 1439 1777 1479 clarissimos,

1076 1485 1303 1525 spectabiles:
1343 1487 1394 1516 vel
1427 1488 1538 1526 potius
1570 1498 1776 1529 purpureum

1075 1536 1248 1565 Senatum.
1278 1536 1397 1566 Clacer.

1120 1585 1223 1625 Apex]
1246 1586 1399 1616 Summus
1415 1587 1578 1628 cujusque
1596 1590 1644 1619 rei
1661 1590 1776 1621 honos.

1078 1635 1192 1666 Barth.

1121 1687 1161 1716 24
1187 1685 1300 1719 Quales
1324 1686 1463 1726 memini]
1501 1688 1660 1719 Senatum
1688 1699 1778 1720 com-

1079 1740 1177 1774 parat
1192 1735 1280 1766 Diis.
1306 1736 1400 1767 Idem.

1122 1784 1222 1815 Turba
1238 1787 1380 1825 terenda,
1399 1787 1493 1828 Deos]
1510 1788 1573 1819 Dei
1589 1790 1778 1831 Rapbelen-

1080 1835 1151 1874 gius
1195 1842 1314 1866 contra
1351 1838 1496 1878 scriptos
1531 1844 1565 1869 et
1597 1841 1775 1873 Claudiani

1080 1891 1237 1916 mentem.
1286 1887 1335 1919 En
1357 1888 1454 1918 turba
1479 1890 1639 1929 verenda,
1663 1892 1777 1932 quales

1080 1944 1153 1965 esse
1171 1934 1261 1965 Deos
1275 1937 1431 1968 memini:
1457 1939 1539 1969 nihil
1555 1939 1777 1973 difficultatis.

1081 1986 1148 2016 Pro
1162 1986 1225 2016 cati
1238 1986 1333 2017 multi
1348 1988 1461 2019 menti.-
1486 1999 1568 2031 quos
1580 1989 1668 2021 inter
1681 1991 1777 2032 prim.

1081 2036 1190 2067 Vatic.
1218 2037 1262 2068 D.
1281 2037 1394 2068 Heins-

1124 2090 1164 2117 26
1191 2087 1273 2117 Coelo
1300 2089 1370 2118 aula
1394 2088 1516 2129 parem]
1554 2090 1686 2123 Palatia
1714 2092 1777 2123 Ro-

1081 2146 1189 2178 mana,
1206 2137 1295 2168 aliud
1313 2138 1445 2170 coelnm.
1472 2139 1583 2172 Barth.
