1859 3148
374 136 487 178 1652

377 245 491 271 tutuno
514 245 646 270 matura
671 238 831 270 tenebat.'
868 238 924 268 Sic
950 238 1075 270 induere

375 300 484 321 arenas
499 291 539 321 de
557 290 714 320 fluctibus
736 289 910 327 eleganter
935 288 1075 328 Statius,

374 340 478 370 Theb.
508 349 573 370 xii.
600 347 645 369 ex
662 338 802 377 antiquo
820 336 960 367 codice:
985 339 993 353 ⁴
1011 348 1072 368 ceu

375 389 508 429 gurgite
534 398 616 419 cano
657 388 755 418 Nunc
787 386 912 426 retegit
944 387 1073 418 bibulas

375 448 464 469 nunc
480 438 588 468 induit
605 440 705 466 aestus
723 444 840 466 arenas
852 435 872 465 :’
896 435 951 466 ubi
973 437 1072 476 vulgo

375 488 488 518 obruit.
514 488 557 516 D.
576 485 695 515 Heius.

416 539 455 567 9⁴
483 535 617 572 cingula
628 534 773 574 gemmis]
789 534 991 565 Parthorum
1005 536 1072 566 cin-

373 587 451 625 gula
468 584 606 623 gemmis
624 584 807 623 conspicua
823 585 985 616 describit
1004 587 1074 625 pul-

373 635 464 672 chre,
501 639 537 664 ut
575 633 674 672 solet,
704 633 946 671 Tertullianus,
981 644 1010 665 c.
1042 638 1072 666 7.

372 686 488 716 Barth.

415 739 454 765 95
492 735 625 774 Regulos
658 735 810 773 junctura
852 735 953 774 sinus]
999 735 1072 766 Iino

371 788 512 818 vinctura
530 797 606 818 cum
623 788 770 827 scriptis.
794 788 838 819 D.
853 788 965 819 Heius.

414 841 455 867 96
479 837 603 877 Spumis
620 838 790 874 fuscantur
804 838 890 877 ueni]
915 839 1074 869 Fncuntur

370 887 459 927 lego.
485 887 573 927 quod
592 887 764 918 Parrhasii
791 887 926 919 codices
952 888 1072 919 contir-

370 942 475 968 maut.
499 938 660 976 Virgilius
677 937 802 977 Geor-g.
820 948 859 970 11.
881 938 889 953 ‘
907 938 995 969 Alba
1011 948 1072 969 nec

371 986 511 1025 Assyrio
527 985 749 1017 t'ucaturlana
767 987 920 1018 veneno!
945 988 1072 1026 Georg.

373 1045 424 1066 iv.
449 1037 457 1052 ‘
479 1036 613 1066 Milesia
629 1037 757 1067 vellera
773 1037 928 1077 nymphae
947 1038 1074 1077 Carpe-

373 1085 452 1115 bant
468 1084 557 1124 hyali
575 1090 688 1115 saturo
705 1085 821 1116 fucata
838 1086 972 1117 colore.'
988 1087 1072 1117 Gra-

373 1137 464 1166 tius:
502 1142 510 1151 ⁸
544 1135 720 1165 Interdum
753 1137 880 1176 Libyco
911 1136 1073 1167 fucantur

373 1185 510 1215 sandice
523 1185 660 1224 pinnae!
685 1186 784 1216 Silius
800 1187 857 1217 lib.
873 1195 951 1217 vin.
970 1189 979 1202 ‘
996 1187 1073 1217 Stat

372 1234 488 1265 fucare
500 1235 592 1264 colus
602 1244 662 1264 nec
675 1235 799 1265 Sidone
815 1235 910 1265 vilior
924 1235 1042 1265 Ancon
1053 1231 1072 1264 ς’

373 1290 408 1314 et
425 1284 480 1314 lib.
496 1292 543 1313 xi.
566 1286 574 1299 ‘
593 1284 781 1313 Gzrtulisve
809 1285 913 1319 magis
939 1284 1073 1315 fucaret

371 1333 476 1363 vellus
504 1331 642 1362 alienis.'
672 1333 800 1362 Statius
818 1332 940 1363 Achill.
963 1333 971 1348 ‘
990 1335 1072 1364 Luc-

373 1388 428 1412 tea
445 1381 649 1419 Massagetae
669 1381 773 1411 veluti
793 1391 868 1411 cuni
886 1383 1007 1422 pocula
1022 1382 1072 1413 111-

371 1434 451 1460 cant
465 1429 486 1459 :'
512 1430 559 1460 ita
576 1429 664 1459 enim
683 1430 875 1469 legendum.
916 1432 1072 1462 Sidonius

370 1479 598 1520 Epitlialamio
621 1480 784 1510 Poleinii:
819 1482 827 1497 ‘
854 1481 954 1511 Palla
978 1482 1073 1513 Jovis

370 1532 499 1569 rutilat,
515 1532 609 1570 cujus
630 1530 681 1561 bis
705 1536 819 1561 coctus
836 1532 943 1562 alieno
957 1534 1073 1563 Serica

369 1581 526 1612 Sidonius
538 1580 676 1610 fucabat
689 1580 831 1611 stamina
845 1582 983 1612 murex.y
1006 1582 1071 1612 Sed

369 1632 522 1672 liaecjain
539 1637 628 1662 nota.
653 1633 706 1662 De
721 1630 799 1662 fuco
814 1632 959 1662 diximus
975 1633 1072 1672 plura

370 1681 430 1711 1111.
454 1690 477 1711 1.
504 1682 534 1711 111
564 1680 672 1711 Rufin.
697 1682 705 1697 ‘
730 1681 885 1712 fucandae
912 1693 1070 1721 purpurae

370 1731 525 1762 ministri'
552 1731 641 1770 apud
671 1731 883 1763 Ammianuin
902 1733 1071 1764 Marcelli-

371 1792 449 1812 num
467 1782 550 1812 libro
565 1791 639 1812 xiv.
666 1783 762 1812 Idem.

414 1835 455 1863 97
485 1832 612 1863 Vvlucer
637 1832 807 1872 ιΙιιηοηίιωῑ]
832 1833 900 1863 Pro
930 1843 1069 1873 pavone.

375 1882 498 1912 Clurer.

412 1935 454 1961 98
477 1932 578 1970 Arcu]
604 1932 737 1962 Pluvio.
766 1933 881 1963 Barth.

411 1983 454 2011 99
480 1981 614 2020 IIyems]
638 1982 820 2012 Innnincns
839 1983 959 2022 imber,
977 1993 1011 2013 re
1029 1994 1070 2014 ex

370 2029 541 2060 densitate
567 2031 702 2061 nubium
730 2032 964 2072 perspicabili,
988 2044 1070 2074 quas

370 2079 535 2110 discernit
551 2082 670 2110 semita
685 2081 742 2111 illa
756 2082 951 2113 versicolor.
976 2084 1071 2114 Idem.

415 2132 474 2159 loz
500 2131 603 2160 I’urro
618 2131 777 2170 planities]
794 2131 1070 2164 Alton-junianus

366 2189 474 2219 prono.
512 2180 592 2209 Mox
612 2180 676 2210 riro
693 2182 729 2210 de
746 2182 877 2220 pumice,
895 2192 957 2212 non
976 2184 1072 2223 uit-co,

369 2229 477 2260 Aldus
492 2235 526 2260 et
542 2230 660 2269 scripti
673 2231 828 2270 quidam:
850 2233 944 2263 bene.
970 2233 1071 2264 Ovid.

369 2280 462 2311 Fas-t.
486 2281 493 2295 ‘
512 2279 621 2310 Antra
638 2281 724 2310 subit
758 2282 868 2320 tophis
898 2284 1070 2323 laqueata-

369 2339 433 2370 que
451 2330 581 2369 pumice
601 2330 698 2360 rivus
724 2331 791 2361 Pru
806 2333 943 2371 vulgata
958 2338 1069 2362 tamen

367 2379 538 2418 scriptura
561 2385 629 2409 stat
649 2380 807 2411 llartliius
837 2382 926 2412 curis
956 2393 1071 2413 secuu-

369 2428 432 2459 dis.
456 2429 498 2459 D.
517 2429 629 2459 Istius.

413 2479 559 2509 Mollibus
584 2480 668 2509 editu
696 2480 799 2519 clivis]
833 2481 990 2519 minutis,
1014 2482 1070 2522 qui

368 2527 459 2560 facili
488 2539 604 2569 pressu
632 2532 746 2561 scandi
776 2538 926 2571 possunt.
960 2533 1070 2570 Virgi-

368 2579 444 2617 lius,
475 2580 590 2617 Eclog.
614 2589 664 2611 ix.
690 2584 698 2597 ⁸
721 2591 785 2621 qua
817 2591 850 2612 se
879 2582 1069 2613 subduccre

369 2628 472 2659 colles
488 2629 673 2670 Incipiunt,
689 2631 849 2673 mollique
872 2631 992 2673 jugum
1014 2632 1070 2663 de-

578 147 718 178 NOTAE
752 146 1012 177 VARIORUM
1047 147 1098 177 IN
1133 148 1207 178 CL.

1241 149 1423 181 CLAUD.
1457 150 1620 181 XXXV.

1123 240 1259 271 mittere
1276 241 1383 272 clivo.’
1406 241 1522 272 Barth.

1167 293 1227 320 103
1253 291 1353 321 Niceo
1381 292 1417 321 de
1439 290 1574 330 pumice]
1609 290 1743 321 Nireum
1765 301 1820 330 pu-

1123 339 1231 370 mit-em
1247 341 1303 370 dat
1321 341 1407 370 laetis
1436 339 1598 380 fontibus,
1625 345 1662 370 ut
1689 341 1820 379 nigrum

1122 389 1298 428 spiraculis
1316 390 1418 420 Ditis.
1444 390 1540 420 Idem.

1166 441 1226 469 101
1252 439 1434 478 Mobilibus]
1458 438 1647 479 Celeribus,
1670 439 1823 479 praecipi-

1123 488 1222 520 tibus.
1247 490 1343 520 Idem.

1167 542 1225 570 105
1254 541 1416 571 Tun-entes
1430 542 1519 581 soles]
1541 542 1621 571 Tam
1638 540 1679 570 (le
1698 540 1823 581 rapidi-

1124 593 1194 618 tate
1218 599 1316 629 quam
1345 595 1495 621 torrente
1520 597 1578 622 aut
1599 591 1765 622 adurente
1790 591 1822 621 vi

1122 636 1310 676 intelligere
1330 644 1442 677 potes.
1469 640 1566 670 Idem.

1168 690 1229 717 106
1254 688 1378 717 Modico
1392 688 1484 727 aestu]
1514 689 1621 719 Medio
1646 689 1770 728 Isiugr.
1787 694 1823 720 et

1125 737 1277 776 plerique
1292 737 1411 767 nostri.
1429 746 1478 768 iv.
1496 738 1596 769 Cons.
1612 738 1700 770 Hon.
1723 742 1732 755 ‘
1754 739 1823 771 Qui

1124 786 1253 816 medios
1280 786 1398 826 Libyae
1425 787 1486 817 sub
1517 788 1648 819 casside
1680 790 1824 829 pertulit

1125 836 1250 866 -aestusl
1283 837 1381 867 Bello
1408 837 1499 867 Gild.
1541 838 1549 854 ‘
1579 838 1667 869 Solis
1696 839 1823 870 medios

1125 885 1293 925 objecerit
1320 891 1445 917 restus.'
1480 888 1628 927 Epitlial.
1656 888 1822 919 Palladii:

1124 937 1132 952 ⁶
1162 936 1252 968 Quid
1284 937 1395 967 medio
1429 942 1541 968 tecum
1579 938 1759 969 modularis
1790 939 1824 968 in

1124 986 1240 1016 aestu?'
1266 987 1436 1018 D.IIcz'ns.

1168 1039 1225 1067 107
1251 1037 1441 1077 Aptusretis
1452 1037 1549 1078 abies]
1564 1036 1660 1067 Abies
1674 1047 1734 1076 pro
1746 1038 1824 1068 navi

1123 1095 1163 1116 11.
1196 1088 1323 1126 Georg.
1357 1088 1463 1126 princ.
1496 1096 1574 1117 vui.
1606 1087 1742 1117 AEne'i'd.
1773 1097 1824 1127 pr.

1123 1136 1521 1175 ()vi‹1.Epist.OEnones.
1554 1136 1696 1168 Petron.
1715 1138 1723 1153 ‘
1743 1137 1823 1167 Pul-

1123 1196 1261 1226 sumque
1286 1196 1432 1215 marmor
1455 1186 1569 1216 abiete
1592 1186 1751 1226 imposita
1767 1197 1823 1226 ge-

1123 1235 1209 1265 mit.’
1235 1235 1420 1274 Fontanus,
1436 1234 1495 1265 lib.
1514 1244 1537 1265 1.
1554 1234 1719 1267 Uranies:
1744 1237 1752 1252 ⁴
1770 1237 1824 1268 10-

1124 1285 1281 1324 niumque
1313 1285 1404 1315 abies
1432 1294 1568 1315 versura
1599 1285 1826 1325 profundunt?

1124 1334 1267 1373 Dempst.

1169 1383 1301 1423 Cornus]
1317 1384 1432 1415 Hastis
1445 1385 1628 1424 aptissima.
1645 1386 1768 1426 Virgil.
1783 1396 1824 1419 11.

1125 1433 1251 1471 Georg.
1274 1434 1282 1449 ‘
1298 1433 1343 1463 At
1361 1439 1490 1473 myrtus
1508 1435 1625 1466 validis
1637 1436 1824 1478 hastilibus,

1123 1487 1158 1513 et
1177 1483 1263 1513 bona
1282 1483 1369 1514 bello
1388 1485 1540 1515 Cornus.’
1563 1486 1680 1517 Barth.

1168 1536 1228 1562 108
1257 1533 1398 1563 Tumulus
1414 1537 1534 1564 tectura
1550 1536 1722 1576 cupressus]
1743 1537 1824 1568 Pro-

1123 1582 1268 1620 serpinae
1287 1588 1487 1614 consecrata
1511 1585 1691 1624 speciatim
1711 1585 1823 1618 arbor.

1124 1632 1221 1661 Idem.

1167 1685 1228 1712 109
1254 1683 1349 1712 Plena
1359 1682 1461 1721 favis]
1480 1683 1639 1715 Imitatus
1655 1689 1708 1716 est
1721 1686 1822 1719 ovid.

1122 1732 1180 1762 lib.
1197 1741 1218 1762 1.
1235 1733 1372 1763 Metam.
1400 1733 1480 1764 Fal).
1496 1737 1525 1764 3.
1559 1735 1568 1750 ‘
1587 1735 1755 1777 Flavaque
1781 1736 1822 1767 de

1124 1783 1222 1813 viridi
1241 1784 1417 1814 stillabant
1435 1784 1510 1815 ilice
1529 1786 1649 1817 melia!

1172 1834 1299 1864 Venturi
1319 1835 1449 1873 proescia
1468 1835 1586 1874 laurus]
1611 1836 1711 1868 Hanc
1729 1837 1823 1869 nimi-

1123 1894 1196 1915 rum
1214 1884 1254 1914 ab
1275 1884 1433 1924 Apolline
1451 1885 1572 1916 sortita
1588 1886 1760 1927 virtutem,
1785 1893 1822 1920 ut

1122 1940 1327 1965 coronentur
1351 1945 1392 1965 ea
1419 1935 1654 1977 vaticinantes,
1680 1937 1821 1979 ipsaque

1123 1994 1179 2015 eos
1199 1985 1312 2024 juvet.
1341 1986 1451 2017 Barth.

1168 2038 1224 2064 111
1253 2035 1421 2075 Pampinus
1448 2036 1547 2067 induit
1572 2037 1680 2078 ulmos]
1713 2038 1820 2069 Uluiis

1124 2085 1212 2114 euim
1234 2085 1429 2125 junguntur
1454 2091 1489 2116 et
1517 2087 1696 2126 eriguntur
1724 2088 1820 2118 vites.

1122 2135 1302 2173 Virgilius:
1319 2137 1327 2151 ‘
1340 2136 1505 2176 ulmisque
1516 2137 1698 2176 adjungere
1709 2137 1820 2168 vites:

1126 2185 1221 2215 Idem.

1168 2238 1226 2265 11⁴1
1252 2235 1412 2273 Pullescit]
1435 2235 1628 2266 viridescit.
1659 2236 1756 2267 Idem.

1168 2286 1227 2313 118
1253 2283 1381 2323 Elupsa]
1399 2285 1672 2323 Elegantissime,
1687 2290 1726 2316 ut
1742 2295 1820 2318 aves

1121 2342 1161 2363 ex
1180 2333 1343 2364 custodia.
1371 2334 1466 2364 Idem.

1165 2383 1280 2422 Elapsu
1301 2384 1406 2413 cohors
1424 2385 1557 2424 gaudet]
1583 2386 1726 2417 Gaudent
1752 2386 1818 2417 Pu-

1122 2438 1242 2463 teauca
1271 2441 1453 2472 excerpta:
1492 2435 1538 2465 sie
1566 2446 1644 2466 mox
1667 2438 1676 2452 ‘
1694 2441 1818 2468 caetera

1121 2483 1225 2512 saltus
1243 2483 1402 2513 Invasere
1421 2485 1563 2515 cohors?
1587 2486 1630 2516 D.
1651 2486 1761 2517 Heius.

1165 2536 1224 2562 1:30
1250 2533 1428 2573 Pru-sudat]
1455 2535 1550 2565 Ruris
1577 2537 1734 2568 matutini
1762 2537 1818 2568 de-

1120 2583 1269 2623 scriptio.
1293 2585 1408 2614 Bar-eh.

1164 2636 1221 2664 121
1248 2634 1353 2674 Meus]
1376 2636 1482 2667 Stella
1499 2637 1586 2669 euim
1612 2638 1668 2669 illa
1692 2637 1816 2670 Veneri
