1763 3116
515 168 576 198 DE
613 166 766 197 BELLO
800 166 994 195 GETlco.

26 262 152 303 Livius,
168 265 189 296 1.
208 271 312 295 xxxi.
334 260 449 293 Barth.

67 319 128 348 398
157 317 367 346 Proetereunte
382 308 489 348 mana]
512 308 615 338 Velut
633 308 725 338 aliud

24 370 158 406 agente.
205 363 294 395 Alibi
318 360 435 391 eadem
464 357 634 388 sententia
651 367 725 387 nos-

24 420 77 446 ter
88 416 369 446 transcurrentem
378 408 594 439 Stilichonem
605 407 726 447 egisse,

24 465 113 506 quod
131 471 251 502 magno
264 461 378 491 labore
394 460 448 488 vix
461 457 653 497 exegissent
669 457 725 487 alii

22 516 125 546 canit.
151 512 255 552 Regis
272 510 421 550 Philippi
440 518 491 539 res
508 513 574 539 tam
592 508 724 547 exiguae

21 569 79 595 aut
91 562 339 595 contemtibiles
353 570 418 591 non
434 559 543 598 fuere,
557 559 639 600 quin
654 569 725 599 gra-

21 614 116 645 vibus
133 612 304 644 accenseri
323 615 529 642 mereantur.
554 610 650 640 Idem.

62 666 123 695 401
152 661 331 701 Precantes]
368 662 608 701 Deprecantes
635 660 727 690 noxi-

20 714 202 752 am,veniae
215 714 341 751 loco‚et
354 712 538 753 probandae
549 712 725 744 fidelitatis

19 769 199 805 precantes
212 762 347 794 admitti
364 763 396 792 in
409 763 589 802 stipendia.
618 763 715 794 Idem.

63 817 126 845 402
155 815 281 844 Mensus
296 812 468 852 nnmerum]
493 813 570 843 Fuit
587 813 613 843 is
631 822 726 843 exer-

20 864 108 895 citus
123 864 316 894 Stilichonis
335 863 377 892 ad
394 871 506 893 xxxv.
523 867 580 893 aut
598 868 726 902 praeter

23 919 163 956 propter
179 914 283 944 millia
298 913 450 943 militum.
476 913 574 942 Idem.

64 957 193 987 Mensus
229 954 403 994 numerum]
460 954 646 994 Panegyris
684 955 725 985 ad

20 1005 277 1037 Constantium:
318 1007 326 1020 ‘
341 1004 486 1042 Magnus
518 1003 726 1042 Alexander,

20 1064 95 1086 cum
112 1059 239 1095 praeter
261 1053 469 1084 Macedonas
497 1062 573 1083 suos
592 1059 723 1084 cunctae

20 1106 165 1138 Graeciae
204 1110 239 1137 et
270 1105 428 1135 universo
460 1104 600 1145 Illyrico
631 1105 725 1135 innu-

18 1157 216 1188 merabilem
231 1156 403 1187 delectum
427 1160 542 1195 posset
558 1155 723 1193 indicere,

18 1216 188 1248 nunquam
220 1207 365 1247 majores
396 1205 623 1246 quadraginta
653 1206 724 1236 mil·

17 1258 99 1288 lium
124 1258 240 1298 copias
270 1257 384 1287 duxit:
414 1255 563 1286 inhabile
590 1256 722 1295 regenti

17 1312 110 1339 ratus
127 1307 287 1348 quicquid
312 1305 519 1337 excederet!
546 1306 667 1336 Claver.

62 1361 125 1390 406
149 1358 256 1389 Animi
280 1356 450 1387 Stilichone
476 1354 606 1393 recepti]
630 1354 723 1385 Malo

18 1408 132 1439 animis
155 1408 297 1447 receptis,
327 1410 365 1436 ut
396 1414 471 1435 cum
503 1403 724 1444 sequentibus

17 1458 91 1489 haec
108 1459 311 1489 cohaereant.
337 1457 380 1486 D.
401 1455 509 1485 Heius.

59 1511 122 1539 407
146 1508 390 1548 Lam-ymosaque
404 1504 537 1544 gaudia]
569 1504 651 1533 Viso
675 1504 722 1533 in·

17 1557 139 1588 columi
166 1557 330 1596 Principe
358 1554 502 1592 militiae,
530 1558 568 1584 ut
590 1553 622 1583 in
643 1563 721 1594 gau-

16 1606 80 1638 diis
95 1607 247 1637 maximis
264 1607 424 1645 lacrymae
451 1605 562 1635 solent
581 1603 720 1634 oboriri.

16 1657 131 1688 Barth.

57 1710 121 1739 409
153 1707 252 1739 sibila
277 1705 365 1745 nota]
396 1706 524 1736 Tauros
550 1703 720 1734 docebant

15 1758 146 1800 ingenia
173 1763 324 1788 veterum
352 1760 528 1796 pastorum
556 1755 596 1785 ad
622 1755 721 1786 sibila

16 1808 261 1849 cognoscenda,
276 1813 310 1838 et
323 1807 364 1837 ad
377 1815 492 1837 eorum
505 1810 624 1836 nutum
638 1806 720 1836 mira

17 1859 146 1890 bovinis
163 1857 305 1898 ingeniis
322 1856 498 1897 patranda.
522 1856 622 1886 Idem.

57 1911 122 1940 410
150 1908 205 1939 Vel
220 1911 300 1938 ποία»
313 1917 425 1947 pascua
441 1905 545 1945 vallis]
576 1906 718 1937 Lucens.

15 1962 52 1990 et
67 1958 213 1999 Gyrald.
231 1961 261 1988 et
277 1958 388 1988 atitoe:
425 1957 565 1997 optime.
591 1957 665 1988 Lib.
682 1966 719 1988 11.

15 2008 50 2039 in
67 2007 178 2038 Rufin.
200 2008 209 2023 ‘
225 2008 271 2038 Ut
285 2007 356 2037 fera
374 2016 448 2047 qna:
467 2015 575 2046 nuper
587 2011 720 2037 montes

16 2057 154 2088 demisit
169 2056 295 2087 avitos!
325 2057 424 2087 Maro
441 2056 635 2094 Georgicon
654 2061 720 2086 ter-

18 2106 66 2137 tio
82 2106 278 2137 describens
295 2106 422 2136 victum
444 2106 630 2136 certamine
649 2110 720 2136 tau-

14 2165 107 2187 rum:
142 2157 150 2172 ‘
168 2157 214 2187 Et
240 2156 373 2187 stabula
399 2160 581 2195 aspectans
609 2157 720 2195 regnis

15 2207 162 2237 excessit
178 2206 301 2237 avitis.'
336 2205 476 2243 Statius,
490 2204 653 2236 Thebaid.
671 2215 719 2236 ιν.

11 2255 23 2274 ⁴
41 2257 162 2298 Tuque
189 2257 292 2297 prior,
319 2261 354 2287 tu
380 2256 478 2294 cede,
499 2265 636 2294 nocens,
662 2257 719 2297 qui

13 2307 102 2338 solus
129 2307 219 2338 avita
247 2306 413 2338 Gramina
439 2315 720 2346 communemque

16 2356 104 2396 petis
130 2356 314 2387 defendere
340 2353 522 2386 montemz’
545 2361 649 2396 atque
673 2356 719 2386 ita

13 2404 168 2437 fortassis
186 2411 221 2438 et
237 2407 325 2447 apud
340 2406 484 2437 eundem
502 2406 589 2437 libro
600 2416 718 2437 secun-

15 2453 58 2485 do
75 2456 327 2495 corrigendum:
350 2458 358 2473 ‘
378 2458 482 2488 veluti
507 2467 581 2488 cum
599 2461 717 2488 taurus

16 2505 212 2537 avitaValle
225 2517 355 2547 carens,
368 2510 497 2548 pulsum
510 2509 608 2540 solito
619 2518 717 2550 quem

16 2555 166 2594 gramine
183 2556 290 2587 victor
305 2558 415 2590 Jussit
437 2558 480 2589 ab
503 2564 623 2599 erepta
649 2560 717 2591 lon-

17 2613 95 2645 gum
109 2605 235 2644 mugire
246 2607 394 2646 juvenca
406 2609 426 2639 ε’
451 2620 640 2651 quanquam
654 2620 716 2643 nec

16 2654 191 2694 vulgatum
228 2661 331 2687 amata
366 2659 445 2689 valle
482 2665 609 2690 temere
640 2661 716 2692 istic

15 2704 257 2736 damnandum.
302 2707 370 2738 Pro
390 2718 504 2748 pascua
527 2709 640 2741 Oxou.
659 2721 716 2750 pa-

1369 156 1483 197 1565

778 258 858 289 bula.
880 257 950 288 Pro
966 260 1077 295 regunt
1094 256 1250 297 sequenti
1263 266 1361 288 versu
1377 259 1484 299 scrip-

780 308 804 337 ti
821 307 956 348 quidam
972 310 1104 345 rogarem
1127 306 1216 346 quod
1239 306 1356 337 Delrio
1373 308 1483 347 place·

778 357 858 395 bat;
883 357 985 398 idque
1000 357 1153 397 Scaliger
1169 357 1201 387 in
1218 366 1277 387 ora
1291 356 1418 387 codicis
1434 359 1481 387 sui

780 408 925 447 probare
958 407 1059 437 visus.
1109 406 1225 446 Epigr.
1256 406 1298 436 de
1329 406 1483 436 mulabus

780 458 941 489 Gallicis:
968 459 976 474 ‘
995 457 1078 487 Cum
1098 466 1220 496 pronas
1238 455 1386 495 pecudes
1402 455 1485 486 Gal-

781 509 844 539 lica
862 509 964 539 verba
977 507 1122 547 regant)
1147 508 1191 537 D.
1210 506 1322 537 Heius.

822 562 883 590 411
910 559 1005 598 Inque
1020 557 1131 597 ricem]
1156 558 1286 588 Mutuo.
1314 557 1483 589 Lucanus,

780 609 800 640 l.
818 618 840 640 1.
865 610 873 626 ‘
895 610 1000 650 inque
1018 609 1126 639 vicem
1147 618 1228 648 gens
1245 607 1352 638 omnis
1368 607 1483 638 amet.'

780 659 897 690 Barth.

822 712 884 740 413
912 710 999 740 Rara
1024 719 1079 749 per
1095 709 1236 740 obscuras
1250 710 1399 748 apparent
1419 717 1483 738 cor-

779 769 839 790 naa
849 759 994 799 frondes]
1029 761 1077 790 Ut
1099 762 1108 776 ‘
1126 759 1304 799 Apparent
1321 758 1388 789 rari
1403 767 1485 788 nan·

782 815 832 840 tes
856 811 888 840 in
916 810 1048 850 gurgite
1081 809 1198 840 vasto!
1254 808 1339 840 Mihi
1368 815 1483 839 tamen

780 860 906 890 rectius
923 859 996 890 fore
1011 860 1158 898 videtur,
1173 859 1198 889 si
1213 867 1369 898 reponas,
1383 859 1483 889 Vara:

780 908 822 939 de
837 920 904 949 qua
919 919 1001 940 voce
1019 910 1132 940 multis
1155 909 1207 947 egi
1233 908 1273 938 ad
1301 909 1481 939 Nasonem.

780 958 887 988 Paulo
905 964 981 998 post
1000 968 1059 997 pro
1076 958 1244 988 Vindelicis
1257 957 1363 996 spoliis
1375 957 1483 997 prima

777 1006 829 1038 ed.
857 1012 891 1038 et
916 1008 1032 1038 multae
1059 1007 1264 1037 membranae
1287 1007 1485 1037 Vandalicis.-

776 1066 875 1096 quam
901 1057 1080 1087 lectionem
1107 1056 1298 1096 approbare
1316 1056 1406 1086 visus
1432 1062 1484 1087 est

776 1105 916 1137 Marcus
931 1107 1091 1137 Velserus
1119 1106 1246 1136 Rerum
1268 1104 1483 1144 Angustana-

775 1165 845 1187 rum
864 1157 1031 1196 Historia,
1048 1166 1081 1196 p.
1100 1159 1174 1187 162.
1198 1156 1243 1186 D.
1262 1155 1375 1186 Heins.

818 1211 881 1239 416
906 1208 1069 1254 Extregvzis
1086 1205 1269 1245 Britannis]
1294 1206 1391 1236 Ultra
1407 1205 1482 1236 illos

775 1259 863 1289 enim
889 1259 972 1289 nihil
991 1259 1109 1289 Izomae
1133 1257 1317 1288 serviebat.
1362 1256 1484 1296 Virgil.

775 1308 784 1324 ‘
801 1309 845 1338 Et
863 1309 998 1348 penitus
1016 1313 1089 1339 toto
1106 1307 1231 1338 divisos
1250 1306 1332 1337 orbe
1346 1306 1482 1337 Britan-

774 1360 858 1388 nos)
882 1358 999 1389 Barth.

819 1409 879 1436 417
906 1406 997 1437 Scoto
1011 1407 1065 1437 alat
1082 1405 1189 1443 frama
1207 1405 1303 1445 truci]
1324 1405 1380 1435 De
1397 1405 1482 1435 Bar·

775 1455 868 1486 barie
886 1461 958 1487 tum
974 1457 1153 1487 Scotorum
1169 1454 1250 1486 alibi
1265 1454 1483 1486 Claudianus.

775 1505 872 1536 Idem.

816 1558 878 1586 418
904 1555 996 1584 Picto
1013 1555 1175 1594 moriente]
1208 1554 1398 1594 Hujusdem
1413 1564 1482 1586 mo-

774 1603 819 1633 ris
837 1613 939 1643 supra
953 1603 1043 1634 facta
1059 1604 1196 1634 mentio.
1221 1604 1316 1633 Idem.

815 1656 879 1684 419
913 1654 1108 1694 Sycambris]
1142 1653 1210 1684 Hic
1241 1653 1366 1684 milites
1396 1654 1481 1684 limi-

773 1703 865 1733 tanei
893 1703 1127 1743 designantur.
1154 1703 1196 1733 de
1213 1712 1356 1743 quorum
1382 1702 1481 1733 disci-

772 1754 866 1793 plina
881 1758 915 1784 et
932 1753 1136 1784 fortitudine
1150 1753 1258 1784 multa
1274 1752 1306 1782 in
1323 1752 1482 1792 Panegy-

771 1803 863 1834 ricis.
889 1806 1011 1835 Clarer.

813 1857 877 1885 420
904 1855 1040 1894 Qaoeque
1055 1855 1180 1884 domant
1199 1852 1321 1893 Cattos]
1343 1853 1399 1884 Sic
1418 1854 1481 1884 Lu·

771 1915 860 1935 cens.
878 1910 913 1936 et
931 1905 1072 1945 Gyrald.
1091 1914 1167 1935 cum
1184 1903 1385 1933 Pnlmanno.
1408 1903 1482 1934 Cae-

772 1955 836 1985 teri
864 1956 997 1986 codices
1024 1954 1177 1994 corrupti
1204 1957 1283 1984 sunt
1299 1953 1479 1983 maximam

772 2010 905 2045 partem
924 2015 931 2035 :
977 2005 1010 2035 in
1052 2004 1229 2035 Oiseliano
1269 2004 1388 2034 Cattos.
1434 2003 1479 2034 D.

772 2056 892 2087 Heius.

814 2108 877 2136 1122
904 2105 1046 2135 Rhenum
1069 2105 1132 2135 solo
1158 2104 1291 2143 terrore]
1314 2103 1408 2134 Alibi
1431 2104 1479 2134 in-

772 2161 826 2187 ter
851 2166 977 2187 summa
994 2155 1158 2186 facinora.
1205 2155 1289 2186 Quis
1311 2155 1478 2186 domitum

771 2206 927 2236 meminit
968 2205 1038 2235 sola
1075 2204 1255 2234 formidine
1302 2205 1478 2234 Rhenum?

772 2255 888 2286 Barth.

813 2311 875 2339 423
904 2309 1014 2338 Ullane
1031 2308 1198 2348 posteritas
1219 2307 1336 2347 credet]
1362 2307 1477 2337 Credat

771 2358 866 2398 prior
882 2358 1031 2388 Moreti:
1057 2358 1196 2389 rectius.
1241 2357 1286 2387 Et
1298 2356 1479 2395 moxferox

766 2408 875 2448 populi
899 2408 1076 2448 eleganter
1103 2412 1268 2447 excerpta
1298 2407 1477 2438 Puteanea

770 2459 920 2489 secundo
933 2468 1025 2489 casn.
1051 2459 1095 2488 D.
1110 2458 1222 2489 Heius.

815 2509 984 2539 Germania
996 2510 1146 2549 quondam
1162 2510 1221 2539 Illa
1228 2508 1326 2546 ferox
1340 2506 1475 2547 populis]

770 2558 960 2589 Germanos
986 2570 1004 2589 a
1033 2559 1254 2599 germinando
1279 2559 1390 2589 dictos
1406 2557 1476 2597 qui-

769 2608 846 2639 dam
874 2614 1095 2640 autumarunt
1120 2614 1262 2650 propter
1289 2609 1419 2649 copiam
1438 2617 1472 2637 se

769 2668 904 2699 semper
927 2660 1176 2700 subjicientem.
1223 2661 1333 2690 Ferox
1359 2660 1471 2687 autem

768 2710 913 2751 populus
927 2710 968 2741 ab
985 2709 1144 2740 instituto
1171 2709 1249 2740 vit-<e
1276 2705 1410 2738 venatui
1437 2711 1473 2736 et
