1763 3116
536 150 971 181 GIGANTOMACIHA.

32 255 98 277 non
116 246 301 287 gigantum.
324 246 440 278 Barna.

74 299 112 326 31
141 297 271 327 miscete
283 296 398 337 polum]
423 294 537 334 Agite,
552 293 650 326 fl-rte.

76 346 256 377 Resciudite
274 345 389 385 turres]
412 346 609 383 Reslinguite
624 345 732 375 turbas·

31 395 128 434 prim.
145 396 222 426 Vat.
239 401 274 426 et
301 395 365 425 duo
381 394 456 431 alii;
493 395 591 424 male.
609 395 730 434 Virgil.

31 445 40 460 ‘
59 455 214 485 magnum
231 444 383 474 manibus
401 444 591 474 rescindere
609 445 731 475 coelum

30 494 214 535 Agarcsu:
242 496 284 524 D.
301 494 414 525 Heius.

73 545 185 575 Turres
198 544 356 584 Sidereas]
380 544 607 576 Munimenta.
648 545 731 576 Tur-

28 604 81 626 res
99 595 187 626 enim
201 596 322 636 amplae
334 597 437 627 etiam
452 606 546 628 arces
559 596 730 627 dicuntur.

29 645 145 676 Bur-eh.

70 697 111 725 33
135 695 226 726 Alter·
240 696 388 736 habenas]
412 697 517 728 Dicas
535 697 567 728 in
586 706 669 729 voce
686 698 731 728 al-

29 748 91 782 ter,
109 755 229 777 nomen
247 747 367 777 latere.
394 748 490 778 Idem.

72 798 111 825 35
137 796 350 836 Porphyrion]
381 796 533 828 Celebris
559 796 648 827 inter
674 796 732 827 Gi·

27 850 160 885 gantes.
186 847 283 877 Idem.

73 895 273 935 Cirrhoeuque
289 897 403 935 templa
418 896 550 936 tenebis]
567 896 633 926 Alii
650 899 732 926 tene-

26 944 102 983 bris,
120 945 173 974 vel
187 945 315 984 tenebit,
339 946 391 975 vel
415 945 534 976 tenebo.
580 946 669 985 Lege
685 949 730 975 te-

26 997 96 1024 neto
112 1003 188 1024 cum
204 1004 263 1024 sex
290 995 427 1034 scriptis
441 995 517 1026 aliis
533 999 569 1025 et
585 1000 731 1034 quatuor

25 1043 218 1074 Vaticanis:
234 1044 380 1075 tenebunt
394 1045 566 1076 Barthius.
583 1045 730 1082 Porfurio

25 1093 129 1125 etiam
143 1094 238 1133 prim.
254 1095 367 1126 Varie.
405 1095 450 1126 Et
468 1105 544 1126 mox
560 1096 730 1126 Viennen-

25 1143 83 1183 sis,
102 1145 277 1185 Neptunum
288 1145 424 1176 traxisse
438 1146 536 1186 vadis,
548 1155 612 1176 non
621 1145 730 1184 fretis.

26 1194 70 1226 D.
88 1195 208 1226 Heius.

70 1248 112 1275 39
146 1246 305 1277 Devellere
325 1246 439 1287 crines]
472 1247 628 1278 Dii-ellcre
653 1257 730 1279 cum

25 1293 134 1325 libris.
159 1295 258 1326 Idem.

69 1345 111 1373 40
128 1343 299 1385 Sper-atque
315 1345 432 1376 Dianoe
445 1345 632 1386 conjugium]
657 1346 730 1387 Spi-

25 1397 135 1434 ratqne
166 1395 264 1435 prim.
288 1395 399 1427 Vatic.
426 1405 446 1426 a
471 1405 570 1427 manu
597 1397 729 1436 prima;

26 1445 226 1485 eleganter:
252 1446 294 1477 de
312 1456 378 1487 quo
406 1447 510 1478 verbo
528 1448 626 1487 plura
641 1449 729 1479 curis

25 1495 186 1526 secundis
213 1496 255 1527 ad
284 1496 406 1526 librum
424 1505 456 1527 v.
468 1497 554 1527 Met.
572 1498 731 1538 Nasonis,

24 1548 100 1577 348.
118 1551 153 1576 et
177 1555 281 1585 supra
307 1554 357 1576 ιν.
382 1545 483 1577 Cous.
500 1545 646 1577 Honorii
662 1546 731 1577 Au-

26 1600 114 1637 gust.
139 1599 214 1628 ⁵63.
242 1597 373 1628 Noster
394 1605 445 1627 νι.
473 1595 573 1627 Cous.
599 1597 731 1629 Honor.
766 1614 770 1617 ·

25 1648 36 1664 ‘
52 1647 98 1677 Et
114 1650 233 1687 ruptas
250 1646 368 1677 animis
383 1645 514 1687 spirans
531 1646 733 1678 immanibus

25 1693 158 1736 Alpes.'
185 1697 283 1728 Idem.

68 1748 108 1777 41
152 1745 276 1777 Violare
314 1746 507 1787 Minervam]
554 1746 733 1779 Conteme-

27 1804 115 1827 rare.
144 1795 261 1828 Barth.

69 1848 111 1877 42
134 1845 323 1878 Proenuncia
340 1846 416 1888 Iris]
440 1848 586 1888 Superos
609 1856 732 1880 convo-

26 1900 95 1934 cat,
105 1895 182 1938 quia
193 1897 306 1937 superi
318 1897 524 1929 Nationibus
533 1897 603 1938 a'er,
613 1897 734 1938 aether,

26 1946 162 1987 coelum,
177 1947 237 1985 sol,
258 1946 392 1978 sidera:
423 1948 497 1979 baec
523 1948 732 1979 descendere

27 1996 165 2027 numina
180 1996 341 2028 dicebant
352 1998 385 2028 in
402 2002 540 2036 terram,
552 2009 628 2030 cum
640 2000 734 2039 plue·

28 2050 96 2084 ret,
137 2050 372 2086 tempestates,
407 2047 561 2088 fulmina,
595 2048 734 2089 fulgura

27 2095 213 2128 ferrentur.
258 2096 329 2128 Ista
344 2102 457 2129 autem
473 2099 635 2140 pleraque
649 2109 733 2139 prae-

28 2146 169 2177 nunciat
184 2146 263 2186 Iris,
281 2147 396 2188 itaque
423 2149 517 2179 Deos
532 2158 735 2190 convocare,

27 2195 182 2228 Deorum
199 2197 323 2228 nuncia
339 2207 413 2229 esse
429 2198 566 2230 dicitur.
591 2199 689 2230 Idem.

70 2249 111 2279 43
131 2247 193 2282 Qui
203 2251 316 2287 stagna
329 2248 447 2289 colunt]
471 2249 628 2280 Incaute.
654 2250 733 2281 Non

29 2296 119 2328 enim
151 2297 185 2327 hi
215 2297 342 2338 superi,
371 2299 523 2339 quamvis
560 2299 734 2330 numinum

28 2346 120 2386 loco,
137 2348 287 2387 quamvis
304 2347 372 2387 Dii,
389 2357 455 2379 non
473 2354 588 2380 tamen
604 2349 733 2389 superi.

76 2396 270 2437 Ciuguntur]
303 2397 345 2428 In
370 2398 531 2431 Militiam
551 2399 734 2441 prodeunt.

31 2445 150 2478 Barth.

74 2498 115 2526 45
154 2495 226 2525 Rex
251 2496 303 2527 ille
338 2497 497 2538 silentum]
538 2498 610 2539 Ipse
637 2498 736 2530 malit

31 2547 213 2579 Bai-thius:
239 2548 296 2577 sed
315 2548 452 2580 obstant
473 2549 547 2580 libri
564 2549 685 2589 nostri,
699 2553 735 2581 et

26 2598 101 2639 jam
125 2602 350 2638 praecesserat
366 2599 426 2638 ipsi
446 2609 559 2630 manes.
602 2599 735 2631 Adeau-

33 2652 90 2679 tur
106 2651 224 2679 notata
248 2652 363 2679 nostra
390 2648 433 2679 ad
449 2649 608 2680 AEneidos
631 2651 736 2690 septi—

32 2707 137 2735 mum,
155 2701 227 2730 110.
267 2699 351 2730 Mox
376 2700 492 2731 malim
506 2700 632 2733 Lethaeo
652 2700 735 2733 inve-

118 2751 232 2794 Delph.
248 2755 279 2784 et
296 2751 370 2784 Var.
389 2753 474 2785 Clas.

719 2753 832 2786 Claud.

1375 145 1486 188 1681

780 246 868 276 hilur-
885 255 991 284 curru,
1017 255 1076 285 pro
1103 244 1238 285 vehitur,
1254 245 1281 276 si
1297 246 1398 279 liceat
1423 260 1486 291 per

781 296 1005 327 membranas.
1029 295 1072 326 D.
1090 296 1202 326 Heius.

823 348 865 375 46
887 345 1013 376 ΙΛΙΙιιπο
1029 345 1169 386 vehitur]
1201 345 1409 376 Membrana*
1429 347 1485 379 Le-

780 395 852 425 then
868 395 1017 425 evehitur.
1062 395 1305 425 'l‘rnnsveliitur
1320 397 1488 437 nimirum,

783 455 881 485 quein
899 445 1036 476 fluvium
1054 446 1203 487 alioquin
1226 456 1292 477 non
1310 447 1488 479 transibat.

781 496 900 527 Barth.

824 549 866 577 49
902 547 1051 578 Machina
1081 547 1195 578 terruit
1224 547 1347 587 urbem]
1383 547 1487 579 Forte

778 598 914 637 proruit,
931 599 984 628 vel
1000 598 1139 628 verberat
1151 608 1161 628 .·
1192 602 1230 628 ut
1247 597 1288 628 de
1308 598 1488 637 Magnete,

781 650 790 664 ‘
812 648 951 679 Mavors
967 648 1153 688 sanguinea
1169 647 1225 688 qui
1252 648 1391 687 cuspide
1414 657 1488 678 ver-

781 698 880 729 berat
906 698 1037 729 urbesz’
1060 697 1173 728 terruit
1201 697 1291 728 enim
1314 707 1380 728 non
1397 697 1489 728 vide-

782 754 839 779 tur
855 747 1018 779 sufficere.
1045 748 1087 779 D.
1102 747 1216 778 Heius.

825 801 863 828 51
891 798 1029 828 Numina
1044 797 1170 836 turmis]
1205 797 1326 827 Formis
1342 796 1488 837 Gyrald.

782 853 818 878 et
846 848 992 878 anens.
1018 857 1118 877 vere:
1145 851 1261 877 notum
1279 847 1368 877 enim
1395 848 1488 878 Deos

783 903 905 928 contra
933 898 1102 937 Gigantas
1140 901 1349 936 pugnaturos
1387 897 1489 928 variis

782 947 898 977 formis
917 947 1122 987 processisse
1145 946 1362 986 spectandos.
1389 947 1490 979 Idem.

824 999 867 1027 52
888 997 941 1027 Ad
952 996 1091 1036 patrius]
1115 997 1329 1027 Πλατωνικῶς.
1375 997 1489 1028 Unum

782 1046 871 1076 enim
888 1056 1012 1077 numen
1027 1046 1160 1084 statuit,
1173 1056 1215 1076 ex
1229 1056 1294 1086 quo
1309 1046 1403 1086 origo
1420 1056 1490 1077 om-

782 1095 881 1126 nibus
897 1096 1043 1127 caeteris.
1067 1096 1187 1127 Barth.

825 1149 864 1177 53
891 1147 1069 1187 Numquam
1088 1147 1232 1187 peritura
1257 1145 1378 1186 cohors]
1403 1145 1489 1178 Con-

782 1196 858 1227 silio
875 1196 981 1236 Regis
997 1196 1106 1228 Jovis.
1133 1196 1230 1227 Idem.

826 1249 866 1276 54
884 1246 991 1276 Nullis
1006 1245 1247 1285 obnoxiafatis]
1272 1245 1314 1276 Id
1330 1249 1394 1285 est,
1411 1245 1491 1277 abo·

782 1294 971 1331 litionibus3
996 1304 1074 1325 nam
1097 1295 1245 1335 alioquin
1261 1294 1401 1334 Jupiter
1416 1294 1489 1335 ipse

783 1344 952 1375 communi
968 1344 1152 1374 Poetarum
1169 1344 1341 1374 sententia
1357 1344 1489 1385 subjec-

784 1398 837 1425 tus
853 1394 944 1424 fatis.
971 1393 1069 1424 Idem.

825 1448 864 1474 55
883 1445 1035 1474 Nostrum
1051 1442 1171 1483 orbem]
1194 1445 1277 1475 Tres
1294 1444 1406 1476 Orbes
1422 1450 1490 1476 sta-

782 1497 884 1524 tuunt
899 1493 1042 1524 Poetae:
1078 1493 1270 1533 Caelestem,
1289 1494 1489 1532 Terrenum,

782 1543 992 1574 Plutonium.
1018 1543 1116 1573 Idem.

826 1596 867 1624 57
890 1592 1041 1632 Dederit]
1066 1593 1258 1633 Pepererit.
1283 1593 1381 1625 Idem.

827 1646 868 1674 58
903 1644 970 1674 Per
997 1644 1122 1682 singula
1151 1643 1250 1682 luctu]
1291 1644 1356 1674 Per·
1377 1645 1490 1675 soecula

784 1704 861 1726 cum
890 1694 1096 1725 membranis
1112 1693 1331 1725 scribendum
1355 1694 1490 1725 viderat

786 1745 1053 1786 Raphelengius,
1084 1754 1184 1786 quem
1214 1744 1344 1776 frustra
1373 1746 1492 1787 carpit

783 1795 944 1826 Barthius
969 1796 1058 1826 curis
1085 1796 1213 1836 primis.
1237 1796 1344 1828 Prim.
1374 1796 1492 1829 Vatic.

780 1855 838 1885 per
861 1845 972 1876 saecula
997 1845 1107 1876 ductu.-
1131 1845 1300 1876 secundus
1321 1855 1422 1877 cursu.
1445 1846 1490 1877 D.

784 1895 905 1926 Heius.

827 1948 869 1975 60
891 1946 967 1976 Jum
982 1944 1055 1975 tuba
1071 1944 1242 1975 nimborum
1253 1944 1371 1984 sonuit]
1392 1944 1489 1977 Jovis

784 1996 938 2034 classica,
955 1999 1198 2035 tempestatum
1215 1993 1380 2034 fragores,
1398 1993 1490 2025 unde

783 2055 908 2077 sonoras
924 2049 1024 2076 vocat
1041 2044 1154 2075 Maro.
1176 2044 1295 2074 Barth.

827 2099 868 2128 61
894 2096 956 2127 Bis
970 2096 1079 2135 aether,
1094 2095 1141 2126 bis
1162 2098 1248 2126 terra
1273 2094 1376 2135 dedit]
1400 2095 1490 2127 Pec-

784 2150 842 2177 cat
858 2146 889 2177 in
909 2145 1102 2186 prosodiam
1119 2154 1250 2175 versus.
1278 2144 1370 2185 Lege
1386 2144 1492 2185 igitur

785 2205 863 2227 cum
877 2196 973 2236 prim.
987 2194 1101 2226 Vatic.
1128 2198 1165 2225 et
1187 2193 1307 2225 decem
1331 2193 1419 2235 aliis,
1443 2194 1492 2225 his

783 2246 893 2286 oether,
907 2245 956 2276 his
970 2249 1067 2276 terra.
1082 2244 1160 2276 Diis
1176 2244 1311 2276 scilicet
1326 2249 1363 2276 et
1377 2245 1494 2286 gigan-

784 2298 889 2330 tibus.
910 2299 955 2330 D.
974 2297 1087 2329 Heius.

831 2347 1027 2388 Confusaque
1055 2347 1177 2387 rursus]
1222 2346 1339 2378 Animi
1374 2346 1492 2386 dubia,

784 2403 908 2430 moesta
922 2402 1024 2439 atque
1040 2398 1208 2438 perculsa.
1232 2397 1350 2429 Barth.

827 2452 870 2480 62
894 2449 1036 2489 Natura]
1059 2447 1155 2479 Ordo
1175 2457 1301 2487 rerum,
1316 2457 1416 2489 quem
1431 2445 1493 2479 Jo-

785 2508 862 2530 vem
874 2498 999 2531 mundo
1013 2498 1213 2540 imposuisse
1226 2498 1311 2530 dicit
1323 2497 1492 2530 Sidonius.

786 2550 888 2581 Idem.

828 2604 870 2632 63
894 2601 1024 2643 Miscet]
1046 2600 1242 2634 Conturbat
1267 2610 1379 2633 rerum
1403 2597 1490 2631 ordi-

785 2661 875 2684 nem.
896 2653 993 2683 Idem.

829 2704 872 2733 64
895 2702 988 2734 Nunc
1001 2700 1118 2742 scopuli
1142 2701 1261 2733 latuere
1283 2699 1378 2738 mari]
1400 2697 1492 2730 Puto

1328 2755 1347 2783 ⁵
1371 2750 1403 2782 Ο
