1859 3148
335 141 446 183 1646

333 246 405 276 31:1²0
424 255 497 277 vox.
536 246 656 276 Maro:
691 245 699 261 ‘
719 242 850 282 Dejicit
868 242 1035 272 Hermini-

337 295 414 326 um.'

381 346 566 375 Numerosos
591 344 699 381 dejicis
723 341 824 381 umus]
857 341 918 371 Vir
947 351 1033 372 sum-

335 405 407 425 mus
425 396 457 426 in
475 405 533 425 ora
563 394 640 423 libri
668 393 716 422 sui
743 402 868 422 numero
883 395 948 422 tot:
981 402 1032 423 co-

335 446 426 477 ‹lices
463 445 596 485 quidam
634 452 774 472 τισι-οδω·
802 448 836 473 et
863 443 1033 474 immensos.

333 494 468 526 frustra.
513 495 568 523 Sic
595 495 602 509 ‘
624 502 714 522 saeva
739 491 862 523 Lernae
882 499 1032 525 monstra

335 553 546 575 numerosum
578 542 724 580 malun1,’
761 543 867 582 hydra
892 544 1030 575 Senecae

333 595 424 625 ‹lit-,ta
443 594 594 623 Hercule
613 594 761 624 Furenti.
800 594 844 624 D.
862 594 973 625 Heius.

374 646 414 674 42
440 643 510 673 Non
537 644 671 684 cervam]
709 643 776 674 Alii
798 645 949 679 Nesswn,·
973 644 1031 674 sed

334 695 460 725 Nessus
487 693 575 723 iuter
613 694 770 724 Herculis
807 694 937 725 labores
966 704 1033 724 non

333 743 571 773 numerandus.
620 744 687 773 Pro
721 744 825 774 rubuit
853 754 928 774 mox
956 754 1031 774 cnm

331 793 533 824 membranis
550 794 746 834 quibusdam
764 795 881 825 imminit
899 794 1034 834 Rapite-

331 844 485 884 lengius:
525 845 604 875 milii
637 855 702 876 non
733 846 930 877 inconcinna
959 847 1032 877 liaec

331 894 404 925 visa
417 896 591 935 repetitio,
604 896 655 926 cui
670 896 811 926 similem
829 897 923 926 initio
935 897 1032 936 liujus

332 944 447 983 elegiae
464 954 505 974 ex
531 945 667 984 scriptis
691 946 786 975 libris
809 946 881 985 jain
905 947 1033 976 notavi-

330 1004 403 1025 Jnus
421 1006 428 1025 ε
455 995 555 1024 aliter
573 999 685 1024 tamen
700 995 870 1025 Bartliius.
898 996 995 1026 Idem.

374 1048 415 1076 44
442 1045 586 1084 Maduz't]
623 1045 820 1084 Nubigeuas
846 1047 1031 1077 Centauros

330 1095 428 1125 fictos
452 1096 624 1125 notissima
649 1106 713 1133 res,
737 1102 772 1126 ut
789 1102 823 1127 et
851 1107 964 1127 eorum
984 1097 1031 1128 fa-

333 1145 429 1175 bula).
453 1146 567 1175 Bar-tl».

374 1200 413 1226 45
436 1196 475 1226 Te
492 1196 600 1235 Libyci
614 1197 743 1227 timuere
758 1197 856 1235 sinus]
879 1198 1031 1236 Stupuere

331 1246 486 1276 meliores
504 1246 714 1276 membranae.
755 1247 898 1276 Maxima
919 1247 1030 1286 Tethys

329 1305 396 1326 non
425 1296 578 1325 nutrimus
595 1297 684 1325 Atlas
705 1296 822 1325 iisdem
839 1297 1032 1326 auctoribus

330 1344 523 1383 legendum,
553 1345 704 1383 quamvis
734 1349 912 1383 utrumque
950 1344 1030 1375 ferri

331 1393 459 1433 possit;
497 1397 532 1422 ut
558 1393 647 1432 apud
672 1393 846 1433 Ovidium,
876 1394 961 1425 Met.
994 1405 1032 1427 ιι,

328 1444 337 1458 ‘
356 1443 409 1472 Ne
435 1441 523 1472 ferar
552 1443 583 1472 iu
613 1453 765 1483 praeecps
788 1445 914 1484 Tethys
947 1446 1033 1476 solet

330 1493 404 1532 ipsa
436 1494 569 1524 vereri!
619 1494 759 1524 Maxima
788 1495 888 1524 etiam
920 1496 1032 1535 Tethys

328 1543 451 1583 Statio,
466 1544 573 1574 Theb.
601 1554 648 1574 iv.
675 1547 682 1560 ‘
704 1545 759 1574 ubi
780 1546 920 1584 primum
940 1556 1031 1576 max-

330 1593 398 1624 ima
414 1595 539 1633 Tethys
565 1595 703 1634 Impulit
726 1596 796 1625 Eoo
813 1601 1030 1626 cunctantem

331 1644 532 1684 Hyperiona
552 1652 654 1684 ponto
669 1645 687 1675 ι’
719 1651 751 1675 et
769 1646 890 1677 Aelnll.
914 1649 922 1663 ‘
944 1647 1031 1677 Gur-

330 1694 400 1734 gite
425 1694 587 1724 Atlantoo
610 1705 691 1735 quos
719 1696 766 1725 illi
796 1698 939 1727 maxima
965 1699 1031 1727 Τυ-

331 1744 409 1784 lhys
453 1744 667 1774 Nutrierat:’
709 1746 765 1776 ubi
796 1747 924 1786 Tethys
955 1758 1030 1777 cum

329 1794 462 1834 gurgite
481 1794 641 1824 Atlanteo
667 1796 897 1835 conjungitur,
923 1803 959 1827 ut
978 1798 1029 1827 liic

330 1853 405 1875 cum
420 1844 549 1884 Libyco
562 1846 648 1875 sinu.
666 1851 781 1876 noster
798 1847 932 1878 Consul.
949 1848 1033 1888 Oly-

330 1894 390 1924 brii
422 1895 496 1933 pari
528 1895 638 1934 modo,
671 1896 846 1936 ‘Tethyos
875 1897 1030 1938 ambages

330 1942 579 1986 Atlanteosque
621 1945 798 1984 recessuS‚'
841 1946 941 1978 dixit.
987 1948 1031 1979 D.

332 1993 445 2024 Heius.

525 151 668 180 NOTAE
701 148 965 179 VARIORUM
1001 149 1050 178 ΙΝ

1083 150 1158 180 CL.
1193 150 1377 181 CLAUD.
1409 152 1596 184 XXXIV.

1129 247 1169 275 47
1195 245 1342 284 Mundus]
1372 246 1512 277 Coelum.
1536 248 1651 279 Barth.

1129 299 1170 325 50
1198 296 1243 325 Tu
1260 306 1324 326 meu
1336 297 1468 336 plectra]
1493 297 1568 327 Non
1585 308 1668 338 nam,
1678 299 1784 340 scrip-

1088 345 1131 375 ti:
1168 350 1203 376 et
1233 347 1281 376 sic
1312 348 1400 377 curis
1430 348 1584 377 secundis
1612 349 1782 381 Barthius.

1086 395 1130 426 D.
1148 395 1259 427 Heius.

1129 448 1170 476 52
1194 447 1337 477 Placidos
1349 448 1435 477 ducis
1450 448 1481 478 in
1497 449 1567 479 orbe
1583 449 1701 490 choros]
1727 450 1782 481 Sic

1087 496 1235 535 potiores
1250 509 1256 534 ;
1281 498 1334 526 alii
1348 498 1466 536 placido
1481 509 1489 531 ,·
1513 499 1636 530 vult-ati
1649 500 1784 538 placidos

1085 547 1170 576 ducis
1185 547 1222 576 ab
1235 556 1286 576 ore
1310 557 1416 578 sonos.-
1449 549 1534 578 uude
1552 549 1724 580 Claverius
1748 554 1784 580 et

1088 595 1338 635 Rapllelengius
1376 598 1489 636 placito
1525 608 1576 627 ore
1610 597 1783 636 fet-eruum

1085 644 1224 675 frustra.
1270 646 1392 675 Similis
1404 647 1494 677 locus
1510 654 1559 677 est
1577 647 1784 679 Praefatione

1086 695 1119 724 in
1143 695 1278 734 nuptias
1298 695 1427 726 Honor.
1454 696 1507 725 nbi
1531 697 1540 712 ‘
1556 697 1785 736 Terpsichore

1085 745 1203 773 molles
1232 744 1325 774 ducit
1354 745 1386 774 in
1413 749 1508 774 antra
1543 745 1684 777 choros.’
1729 747 1783 778 De

1085 795 1261 825 Musarum
1279 795 1389 824 choris
1407 796 1531 834 passim
1555 796 1681 827 Poetae.
1717 798 1785 828 Du-

1085 855 1153 875 cere
1165 845 1270 875 choros
1285 846 1431 885 elegans.
1449 846 1569 877 Horat.
1602 848 1611 863 ‘
1625 847 1701 878 Jam
1719 848 1785 888 Cy-

1089 895 1205 925 therea
1229 895 1349 925 choros
1381 895 1475 926 (lucit
1502 896 1642 927 Venus?
1682 897 1785 928 Ovid.

1088 946 1096 961 ‘
1112 946 1155 975 Et
1176 945 1287 975 Niobe
1314 945 1417 975 festos
1436 945 1538 976 ducat
1564 951 1599 976 ut
1615 946 1696 977 orba
1710 947 1788 978 cho-

1088 1006 1141 1026 ros
1157 996 1177 1033 ς’
1212 997 1257 1026 sic
1275 997 1403 1026 etalii:
1430 997 1597 1028 immerito
1618 998 1702 1028 lianc
1719 998 1785 1029 lec-

1087 1047 1211 1077 tionem
1229 1048 1317 1077 curis
1345 1047 1500 1077 secundis
1516 1047 1688 1078 damnavit
1703 1049 1785 1079 Bar-

1087 1097 1186 1135 thius,
1202 1098 1255 1136 qui
1271 1097 1384 1136 placito
1399 1097 1436 1126 nb
1459 1107 1522 1132 ore,
1537 1098 1588 1126 vel
1603 1097 1734 1136 placitos
1749 1097 1786 1127 ab

1085 1158 1136 1178 ore
1152 1149 1257 1178 malit.
1304 1148 1453 1177 Avienus
1478 1147 1706 1187 descriptione
1734 1158 1786 1179 or-

1085 1198 1135 1227 bis
1166 1203 1342 1234 terrarum,
1380 1200 1387 1213 ‘
1421 1197 1526 1236 Orgia
1563 1197 1720 1229 ludentes
1751 1203 1786 1229 et

1085 1251 1224 1285 pectora
1266 1246 1407 1276 nebride
1455 1247 1557 1277 cincti
1602 1248 1785 1280 Deduxere

1087 1297 1205 1326 choros
1223 1297 1337 1337 Nyszei
1355 1297 1485 1327 ludicra
1502 1298 1583 1327 ritus
1595 1298 1614 1335 ;’
1638 1304 1673 1329 et
1689 1309 1783 1330 mox:

1086 1344 1255 1376 ‘Maeonis
1283 1347 1336 1376 liic
1367 1347 1468 1377 etiam
1505 1347 1645 1378 deducit
1686 1349 1786 1380 turba

1086 1396 1250 1426 choreas!
1273 1397 1369 1427 Idem.

1131 1447 1252 1477 Placito
1268 1447 1351 1477 (lucis
1373 1448 1410 1477 ab
1434 1448 1498 1488 ore]
1530 1450 1653 1488 Vulgo,
1670 1455 1704 1481 et
1722 1451 1783 1481 Ca-

1086 1507 1173 1527 mers
1191 1498 1378 1539 Aldusque‚
1404 1500 1539 1538 placidos
1561 1501 1646 1530 (lucis
1671 1501 1708 1530 ab
1734 1511 1785 1531 ore

1084 1556 1182 1577 sonos.
1231 1549 1306 1578 Non
1336 1549 1450 1588 inepta
1492 1550 1650 1587 lectione,
1685 1559 1783 1589 quam

1085 1597 1200 1627 nescio
1239 1608 1278 1627 an
1322 1608 1387 1628 non
1421 1598 1598 1637 prwfvram
1636 1601 1786 1641 caeteris,

1086 1647 1229 1676 Poiitain
1248 1648 1371 1677 leuiter
1388 1654 1421 1678 et
1447 1649 1594 1679 suaviter
1616 1659 1782 1681 commen-

1086 1696 1232 1727 dantem.
1261 1698 1374 1727 Barth.

1131 1747 1287 1785 Placidus]
1325 1748 1499 1777 Claverius
1523 1757 1564 1778 ex
1587 1749 1723 1789 antiquo
1746 1750 1785 1780 li-

1087 1796 1147 1826 bro
1185 1797 1268 1834 legit
1307 1797 1442 1836 placito:
1476 1799 1569 1838 quasi
1606 1799 1785 1839 indicaret,

1087 1848 1317 1877 Florentinum
1350 1859 1369 1878 a
1402 1859 1450 1885 se,
1481 1849 1537 1890 qui
1569 1855 1669 1880 antea
1694 1850 1783 1881 libro

1086 1897 1194 1936 primo
1226 1897 1405 1937 placuerit,
1423 1898 1503 1928 alios
1530 1899 1635 1931 libros
1659 1898 1784 1940 efflagi-

1085 1950 1156 1978 tare
1174 1948 1225 1978 vcl
1244 1948 1395 1980 allicere.
1422 1949 1511 1981 Clav.
