1763 3116
639 158 896 190 EIDYLLIA.

40 259 134 290 nice:
168 259 342 298 ‘Fertque
369 257 441 297 pius
466 260 637 292 cunasque
661 261 738 282 suas

41 310 255 350 patriumque
292 304 529 348 sepulchrum!
581 302 739 334 Suboluit

42 365 77 390 et
96 360 185 391 idem
213 358 374 390 Barthio:
402 355 458 395 qni
486 360 599 386 tamen
624 354 738 394 vulga-

43 416 110 441 tam
128 408 277 451 praefert.
308 409 350 437 D.
366 407 474 437 Heius.

86 464 127 491 63
153 459 320 499 Neperdut
336 456 437 496 arem]
468 453 738 485 Ambrosiuslib.

40 519 74 541 v.
101 510 282 540 Hexamer.
295 518 323 537 c.
339 509 391 537 23.
426 509 434 522 ⁴
449 505 542 535 Dens
558 513 652 534 avem
670 504 739 534 uni-

39 569 111 590 cam
139 559 250 598 perire
277 567 340 587 uon
370 566 501 596 passus,
519 564 592 586 eam
622 554 738 584 suise-

38 608 126 640 mine
145 609 250 639 voluit
267 606 439 647 reparari?

80 660 295 699 flammasque
306 658 420 700 fideles
440 656 596 696 admonet]
619 655 737 686 Fidem

37 710 179 741 flammi<
196 710 325 741 tribuit.
352 708 468 739 Bur-th.

81 765 121 792 61
148 760 315 799 Admonet]
341 761 470 789 Amat-ee
490 767 564 787 cum
578 756 739 796 isingrini

36 811 154 841 codice
182 810 443 850 Ruphelengius.
488 807 582 838 Nihil
607 812 737 836 niutan-

36 860 115 891 dum
141 861 288 898 videtur,
307 858 494 898 potioribus
513 857 651 896 scriptis
680 865 738 895 pro

35 912 172 949 vulgata
189 915 355 948 scriptura
368 908 548 938 stantibus.
567 907 609 938 D.
623 907 738 937 Heius.

78 964 120 992 66
149 960 239 991 Venis
264 959 420 989 redu-icus
439 957 566 996 sanguis
590 957 737 997 inundat]

39 1011 138 1042 Venas
164 1010 281 1048 scripti
302 1009 472 1045 meliores,
496 1012 623 1047 praeter
639 1007 737 1047 prim.

33 1061 235 1093 vaticanum
250 1067 284 1090 et
304 1059 513 1089 Oiselianum
530 1070 538 1097 ;
555 1063 737 1098 utrumque

35 1111 189 1153 probum.
237 1111 407 1141 Cunerum
437 1109 590 1140 recidivus
612 1109 739 1148 sanguis

33 1162 214 1203 legendum
249 1162 321 1201 jum
363 1161 441 1190 olim
489 1160 735 1198 animadverti;

33 1213 123 1254 quod
154 1213 252 1251 prim.
281 1211 394 1241 vatic.
430 1216 464 1241 et
493 1220 577 1241 unus
610 1210 737 1241 Medic.

33 1272 110 1294 cnm
127 1263 304 1294 Oiseliauo
320 1262 530 1292 confirmant.
570 1262 738 1301 Corippus

31 1314 55 1345 l.
69 1323 94 1345 1.
112 1315 120 1330 ‘
138 1314 220 1345 Ales
240 1313 292 1343 ubi
309 1313 482 1352 expositus
499 1322 573 1341 cuni
593 1311 738 1342 Phoenix

32 1364 170 1393 innovat
193 1369 285 1392 artus
304 1362 333 1393 Α
363 1362 460 1392 busto
485 1361 635 1391 recidiva
655 1361 738 1392 suo!

31 1413 128 1444 Idem
146 1413 262 1444 eadem
277 1412 438 1451 vocejam
457 1416 626 1441 anteusus
640 1416 734 1441 erat:

31 1463 41 1480 ‘
55 1464 304 1502 Successor-que
330 1462 406 1492 boni
434 1461 651 1502 recidivaque
669 1461 737 1500 glo-

33 1513 82 1544 ria
111 1513 228 1543 I'etri.‘
265 1513 374 1542 Vetus
402 1512 512 1542 Po‘e'ta
538 1511 571 1541 in
601 1511 735 1541 laudem

32 1563 116 1595 Solis
142 1564 175 1593 in
203 1563 381 1592 catalectis
413 1561 563 1592 Pithoei:
599 1562 607 1577 ‘
627 1560 735 1601 quue

35 1614 136 1645 docet
154 1613 312 1651 Phoenix,
335 1613 408 1643 istis
426 1617 586 1652 reparata
611 1610 735 1641 favillis

36 1664 158 1696 Omnia
196 1664 348 1694 Phoebeo
386 1663 561 1693 vivescere
590 1671 736 1702 corpora

33 1719 138 1747 tactu.
185 1714 270 1745 Haec
298 1715 401 1744 vitain
428 1713 470 1744 (le
497 1717 608 1743 morte
632 1712 736 1752 petit,

32 1770 110 1806 post
125 1764 197 1796 fata
223 1764 384 1804 vigorem.
432 1763 595 1794 Nascitur
622 1767 660 1793 ut
677 1772 734 1802 pe-

33 1821 120 1855 reat,
139 1817 227 1857 perit
244 1821 280 1846 ut
296 1819 456 1845 nascatur
473 1813 514 1844 ab
532 1813 611 1853 igni.
657 1813 735 1844 Una

33 1868 126 1899 cadit
141 1868 253 1903 toties,
271 1866 449 1905 surgitque
467 1873 504 1894 ac
523 1863 642 1894 deficit
658 1873 734 1894 una.

33 1917 132 1957 Rupe
149 1916 258 1954 sedet,
282 1916 418 1956 capitur
434 1915 534 1945 radiis
550 1920 586 1945 et
607 1915 734 1947 lumine

31 1967 170 1999 Phoebi:
197 1967 345 2006 Suscipit
374 1967 568 1996 immensum
583 1965 735 1997 recidiva

29 2023 140 2049 morte
177 2016 346 2047 calorem!
403 2016 582 2046 plusculos
615 2027 733 2048 versus

32 2068 207 2107 adscripsi,
238 2067 327 2107 quod
356 2066 399 2096 ad
426 2076 494 2096 rem
527 2068 662 2098 omnino
683 2067 733 2098 fa-

32 2120 137 2151 ciunt.
185 2119 300 2148 Primo
318 2127 415 2147 versu
433 2117 570 2147 videtur
586 2118 734 2149 scriben-

32 2168 124 2207 dum,
139 2168 221 2198 busta*
236 2170 380 2207 reparata
386 2166 512 2204 facillis
522 2177 532 2197 :
552 2168 734 2207 recidivum,

33 2218 122 2260 quod
139 2223 217 2258 post
233 2227 347 2247 casum
374 2217 532 2256 resurgit,
549 2223 604 2247 aut
623 2227 735 2248 renas-

31 2269 129 2300 citur.
168 2268 303 2299 Servius
319 2267 450 2298 AEneid.
468 2277 515 2298 1v.
533 2267 574 2297 ad
588 2268 646 2299 illa
664 2269 735 2299 Ma-

32 2319 143 2349 ronis:
167 2320 176 2335 ‘
194 2320 235 2348 Et
254 2318 403 2348 recidiva
420 2328 518 2348 manu
546 2320 734 2358 posuissem

31 2369 205 2409 Pergama
243 2368 364 2399 victis!
417 2370 425 2384 ‘
441 2369 619 2407 Recidiva,
658 2375 734 2409 post

32 2428 146 2450 casum
165 2419 346 2449 restituta:
376 2419 431 2448 alii
447 2419 630 2450 recidivum
658 2430 733 2460 pro-

33 2469 108 2510 prie
140 2468 271 2505 dicunt,
309 2469 399 2509 quod
429 2470 578 2499 excisum
622 2470 732 2502 denuo

32 2519 208 2551 nascitur.’
262 2520 317 2550 Sic
342 2520 477 2550 recidiva
497 2521 615 2551 semina
642 2522 732 2561 apud

33 2569 200 2601 Prudeut.
237 2570 290 2599 lib.
327 2579 365 2600 11.
405 2570 436 2598 in
475 2570 730 2609 Symmachum:

33 2619 189 2660 ‘Gignit,
229 2619 300 2657 alit,
333 2624 481 2659 reparat,
519 2621 733 2661 recidivaque

33 2672 161 2700 semina
191 2669 324 2700 servat!
368 2669 464 2700 Idem
490 2669 732 2710 Psychomach.

34 2720 45 2736 ‘
60 2720 225 2752 victorem
243 2720 412 2762 placidum
431 2721 580 2753 recidiva
597 2722 630 2753 in
647 2732 734 2763 prae-

1383 150 1402 189 1
1411 151 1496 192 695>

789 250 832 281 lia
857 248 1006 290 poscat:'
1028 257 1103 279 cum
1130 247 1265 289 optimis
1282 249 1495 283 membrum-2.

791 300 900 330 Vetus
913 303 1030 330 auctor
1047 297 1088 328 de
1105 298 1211 337 gestis
1234 297 1433 337 Berengarii
1450 301 1496 330 in-

790 351 922 382 editus:
948 349 1125 381 ‘desertus
1151 349 1266 379 amicis
1294 349 1371 379 Stat
1393 351 1496 381 ratio-

790 402 841 432 nis
872 402 982 441 iuops,
1012 406 1170 431 utrumne
1202 401 1362 432 irmlorius
1394 403 1494 433 armis

790 451 981 490 Abscedat‚
1010 451 1160 481 recidivo
1186 451 1327 480 animam
1358 460 1494 483 servare

790 502 902 533 duello
922 502 1102 540 Redditus,
1119 511 1160 532 an
1179 502 1353 541 pulchram
1370 512 1495 543 prope-

789 557 842 584 ret
871 562 931 593 per
963 554 1101 583 vulnera
1130 552 1295 583 mortem!
1334 552 1495 585 Juvenal.

787 604 860 636 Sat.
875 612 927 635 vl.
951 603 1022 634 ‘Ac
1036 604 1127 634 velut
1143 603 1305 634 exhausta
1323 603 1493 635 recidivus

790 655 933 695 pullulat
968 663 1046 684 arca
1082 653 1281 684 Nummus?
1320 654 1368 684 ita
1403 654 1492 685 enim

789 706 911 745 priscae
941 704 1123 735 editiones
1173 703 1300 734 Noster
1327 703 1494 743 Gigante-

789 756 945 787 machia:
981 756 1088 786 ‘liiuc
1129 756 1296 785 volucrem
1344 755 1494 786 recidivo

789 812 930 847 pectore
949 807 1056 847 pascit
1076 804 1200 836 Infelix
1226 806 1387 845 Scythica
1408 805 1494 836 fixus

789 857 944 887 convalle
970 855 1229 887 Prometheus?
1252 856 1420 895 quomodo
1446 857 1494 887 in-

790 906 927 946 geniose
955 905 1175 936 scribendum
1201 905 1343 944 conjicit
1369 906 1495 937 doctis-

789 957 890 986 simus
915 956 1087 993 Barthius,
1112 965 1188 985 cum
1212 956 1281 985 rit-0
1294 955 1350 985 sub
1372 960 1495 996 pectore

788 1007 858 1037 illic
873 1005 1136 1036 circumferatur
1154 1016 1161 1034 :
1186 1006 1492 1047 quamquamfibro-

787 1066 820 1086 so
845 1060 966 1095 pectore
992 1055 1128 1085 videtur
1158 1054 1424 1095 praeferendum‚
1457 1050 1494 1087 1i⁴t

789 1116 847 1138 suo
864 1107 938 1137 loco
966 1106 1124 1137 diximus.
1170 1105 1317 1135 Serenus
1346 1106 1495 1138 Sammo-

789 1157 884 1187 nicus
901 1166 975 1196 cap.
993 1166 1027 1188 v.
1057 1156 1065 1171 ‘
1081 1155 1250 1186 Lumbi-ici
1269 1165 1403 1197 quoque
1429 1161 1495 1188 ter-

789 1213 916 1239 restres
933 1208 1121 1238 miscentur
1148 1207 1246 1244 olivo,
1264 1209 1308 1238 Et
1331 1208 1493 1247 juvenem

790 1263 956 1297 praestant
974 1258 1125 1288 recidivo
1141 1257 1223 1288 flore
1240 1258 1400 1298 capillum
1413 1259 1432 1289 z’
1446 1260 1494 1291 sic

789 1313 825 1338 et
839 1308 884 1338 ibi
906 1308 994 1347 lego,
1016 1313 1105 1338 utet
1126 1317 1154 1338 c..
1169 1311 1222 1338 36.
1247 1309 1255 1324 ‘
1270 1308 1421 1339 recidiva
1435 1310 1495 1341 ob-

790 1358 917 1388 ducere
932 1358 1021 1396 tela‚'
1035 1363 1068 1387 et
1086 1367 1116 1388 c.
1134 1361 1187 1388 51.
1213 1359 1220 1373 ‘
1236 1359 1375 1389 alternis
1389 1359 1494 1391 febris

791 1410 938 1440 recidiva
967 1409 1112 1439 diebus!
1173 1409 1225 1440 De
1246 1409 1334 1447 feb-ri
1358 1411 1494 1442 recidit-a

790 1460 900 1489 omnia
925 1459 998 1499 jam
1025 1464 1106 1490 nota
1129 1464 1219 1490 sunt.
1266 1461 1492 1493 Maximianus

789 1509 907 1548 Elegia
936 1518 968 1540 v.
1006 1510 1015 1525 ‘
1044 1509 1229 1540 recidivam
1267 1512 1492 1551 voluptatem'

788 1559 887 1589 dixit.
923 1558 1083 1589 Paulinus
1099 1559 1248 1589 carmine
1262 1560 1432 1600 Sapphico
1451 1562 1493 1593 ad

788 1609 959 1648 Nicetam,
993 1608 1157 1639 ‘Invidus
1190 1610 1285 1647 Cain,
1324 1611 1493 1643 recidivus

788 1660 875 1691 Abel
888 1660 908 1691 :’
934 1660 1015 1691 licet
1041 1660 1112 1691 illic
1140 1661 1269 1701 vulgati
1288 1663 1493 1694 nonnulliet

786 1711 972 1742 veterrima
984 1710 1094 1741 Isaaci
1106 1711 1218 1742 Vossii
1233 1712 1430 1744 membrana
1446 1723 1495 1745 re-

786 1762 909 1793 dit-ivus
923 1766 1121 1802 agnoscant.
1168 1762 1320 1794 Recidit-u
1337 1764 1495 1803 Pergama

787 1812 876 1851 apud
892 1812 1073 1852 Virgilium
1099 1812 1150 1842 bis
1169 1816 1273 1843 terve.
1319 1814 1403 1844 Silio
1426 1815 1448 1845 l.
1466 1824 1493 1847 ι.

785 1864 795 1879 ‘
810 1863 904 1894 Gens
922 1863 1071 1893 recidiva
1090 1862 1266 1903 Phrygum
1280 1863 1301 1893 2’
1324 1865 1494 1904 quomodo

787 1918 882 1944 recte
910 1914 943 1944 in
970 1912 1171 1952 Crepundiis
1195 1914 1344 1954 conjecit
1370 1924 1493 1955 parens

786 1974 893 2004 meuS,
923 1971 958 1995 et
994 1963 1198 1994 confirmant
1230 1969 1363 1995 veteres
1400 1964 1490 1996 libri.

787 2015 892 2046 Ovid.
922 2015 1014 2045 Fast.
1044 2024 1101 2045 ιιι.
1136 2014 1225 2045 ‘Ille
1253 2014 1350 2045 dedit
1377 2019 1491 2056 captae

785 2066 935 2097 recidiva
965 2065 1129 2096 vocabula
1152 2065 1291 2105 Trojaess
1316 2075 1382 2096 non
1409 2075 1496 2106 repe·

785 2119 858 2154 lita,
889 2121 925 2147 ut
951 2126 1041 2147 nunc
1073 2117 1208 2156 legitur.
1255 2116 1389 2148 Auctor
1415 2117 1491 2149 Μο-

786 2167 874 2197 reti:
913 2168 922 2183 ‘
939 2166 1070 2197 Hortus
1094 2170 1168 2197 erat
1185 2167 1326 2207 junctus
1353 2168 1491 2207 casulae,

787 2227 886 2259 quem
903 2217 1028 2248 vimina
1056 2227 1162 2257 pauca
1189 2219 1233 2249 Et
1257 2220 1388 2250 calamo
1406 2220 1492 2250 reci-

787 2267 862 2298 diva
880 2268 945 2298 levi
969 2268 1120 2298 munibat
1138 2269 1266 2299 arundo
1283 2269 1302 2299 2'
1327 2270 1375 2300 ita
1400 2270 1490 2300 enim

788 2319 908 2359 scripti
922 2324 956 2349 et
974 2320 1093 2359 primae
1107 2319 1288 2358 editiones,
1304 2321 1394 2351 iuter
1410 2330 1492 2361 quas

786 2369 923 2408 Aldina,
955 2380 995 2400 ex
1028 2369 1094 2400 fide
1124 2370 1242 2410 optimi
1275 2371 1403 2401 codicis
1434 2380 1492 2402 ex-

785 2430 924 2461 pressa;
950 2431 1016 2451 non
1051 2421 1196 2451 redimita
1236 2422 1288 2451 vel
1324 2421 1489 2452 redivivu:

785 2471 875 2511 quod
893 2471 925 2500 in
952 2471 1087 2511 scriptis
1115 2471 1285 2501 nonnullis
1313 2471 1405 2501 libris
1433 2481 1492 2501 ex·

785 2526 854 2552 stat
874 2523 1023 2560 recidit-a,
1041 2532 1061 2552 a
1088 2523 1161 2552 viro
1177 2522 1323 2552 maximo
1351 2519 1491 2561 explodi

784 2582 849 2602 non
876 2573 1055 2604 debuerat.
1102 2571 1197 2602 Idem
1228 2582 1405 2611 perpeiam
1434 2569 1490 2600 mi-

783 2624 893 2654 nuebat
920 2634 980 2663 pro
1004 2623 1143 2654 munibat
1169 2623 1326 2663 reponit:
1350 2620 1489 2651 munibat

785 2683 846 2713 pro
871 2674 1032 2714 saepiebat.
1091 2673 1286 2704 Arundinem
1314 2672 1488 2710 eleganter

783 2724 950 2755 recidivam
966 2727 1078 2762 vocat,
1107 2733 1182 2763 quae
1208 2722 1359 2752 demessa
1385 2721 1418 2751 in
1434 2729 1485 2751 se·

1124 2815 1140 2827 l
