1763 3116
458 189 508 218 IN
548 186 838 218 EU'I'ROPIUM
877 187 970 216 LlB.
1004 187 1055 216 11.

22 283 235 315 Constantini
250 287 404 323 tempore
416 280 657 319 meminerunt,
669 280 725 320 qui

22 335 48 365 is
77 335 150 375 ipse
172 333 295 371 forsan,
321 331 416 371 cujus
433 330 495 361 sub
521 330 724 361 Constantio

23 385 220 415 Ammianus
258 380 480 412 Marcellinus
517 380 726 411 mentionem

20 434 117 465 facit.
141 434 185 464 D.
204 432 317 463 Heius.

64 487 127 516 486
150 483 238 522 Septi
263 481 450 513 latrantibus
474 481 609 521 undique
627 480 727 522 bellis]

19 535 123 565 Velut
136 534 275 565 canibus
289 533 467 564 maritimis
476 532 597 573 Scylla.
613 532 725 563 Barth.

61 587 126 615 489
150 585 271 614 Eventu
287 583 413 623 stolido]
437 582 546 614 Παθὼν
569 581 604 613 δέ
621 595 658 613 τε
677 582 726 619 νή-

17 645 84 664 πιος
99 632 179 672 ἔγνω
194 637 291 664 vetus
306 632 528 664 Hesiodaeum
542 637 608 663 est.
628 633 724 663 Idem.

63 684 186 714 Eventu
212 693 314 714 reram
343 683 468 723 stolido]
508 683 564 714 Ita
593 684 723 724 scripti.

18 733 183 764 Bartliius
201 734 324 764 stolidi:
347 732 485 764 frustra.
520 733 648 772 Livius,
666 733 724 765 lib.

19 791 115 814 xxii.
149 784 156 799 ‘
186 792 249 813 nec
277 788 418 813 eventus
445 783 543 813 modo
571 783 633 813 hoc
666 783 723 813 do-

19 839 98 864 cet:
118 834 299 865 stultorum
317 833 380 864 iste
397 833 560 873 magister
576 833 651 863 est!
675 833 722 863 D.

21 885 136 915 Heius.

62 936 125 964 490
145 932 439 972 Geminosfratres]
453 933 531 963 Non
547 936 615 963 tam
631 936 721 962 tecte

18 982 81 1013 hoc
99 981 241 1022 profert,
259 988 294 1012 ut
310 982 419 1012 videri
436 991 504 1012 non
522 982 605 1012 velit
621 981 719 1012 simul

19 1031 206 1064 Arcadium
234 1036 269 1062 et
294 1031 485 1062 Honorium
512 1031 718 1071 spectandos

18 1083 178 1124 proponi.
203 1083 318 1113 Barth.

60 1137 120 1165 491
134 1133 366 1174 Japetionidas]
379 1134 586 1165 Promethea
597 1138 631 1165 et
641 1134 720 1174 Epi-

17 1185 164 1224 methea,
179 1185 298 1225 Japeti
313 1183 398 1215 filios
414 1185 580 1225 intellige.
615 1185 720 1216 Totus

17 1245 97 1266 vero
114 1235 168 1267 hic
186 1236 290 1274 locus,
315 1237 408 1275 quasi
431 1235 473 1266 ad
501 1235 653 1272 verbum,
678 1245 718 1265 ex

19 1287 173 1318 Platonis
206 1287 397 1327 Protagora
429 1286 628 1326 desumptus
655 1290 719 1318 est.

22 1337 142 1368 Claver.

62 1390 124 1418 1192
152 1387 366 1425 Prometheus]
389 1387 458 1416 Per
478 1387 721 1416 Prometheum

20 1436 179 1475 intelligit
191 1436 364 1476 Sapientia
378 1436 522 1466 Po'e'tica
532 1434 723 1475 προβούλευ-

20 1498 80 1517 σιν.
103 1488 264 1517 AEtherem
287 1491 399 1516 autem
428 1486 573 1516 animam
599 1485 723 1516 intelli-

20 1538 71 1577 git
87 1536 285 1568 Platonicus
303 1535 424 1566 Poeta.
451 1535 565 1565 Barth.

61 1589 123 1617 493
151 1585 311 1621 Excoluit,
337 1584 507 1624 multoque]
539 1584 616 1615 Non
645 1585 723 1615 niul-

19 1641 154 1677 tumque‚
165 1639 295 1676 septem
310 1635 387 1665 libri
399 1644 474 1665 curn
491 1635 599 1675 primo
610 1635 722 1667 Vatic.

19 1695 104 1716 unus
133 1685 235 1716 etiam
253 1684 410 1716 Ambros.
434 1685 571 1714 interruit
588 1694 650 1724 pro
677 1685 723 1715 in-

20 1735 151 1766 nexuit.-
187 1735 277 1776 quod
309 1735 446 1775 placet3
488 1744 595 1775 neque
623 1735 723 1765 aliter

20 1786 146 1826 primus
160 1786 358 1816 Vaticanus.
390 1785 559 1816 Putabam
573 1785 722 1826 aliquan-

20 1836 63 1867 do
78 1836 256 1867 immiscuit.
282 1837 328 1868 D.
347 1836 464 1867 Heius.

63 1890 127 1918 496
142 1887 254 1918 Edidit
265 1886 388 1926 auctor]
403 1886 551 1917 Condidit
564 1886 722 1926 Isingrin.

21 1941 56 1967 ct
73 1942 218 1978 quatuor
244 1946 285 1966 ex
299 1936 443 1968 nostris:
470 1941 507 1967 ut
523 1946 572 1968 1v.
587 1936 722 1968 Consul.

22 1986 111 2018 Hon.
134 1987 142 2003 ‘
161 1996 235 2018 cum
253 1986 418 2018 conderet
442 1991 536 2018 artus
563 1987 721 2026 Nostros,

23 2036 179 2067 aethereis
215 2036 360 2067 miscens
404 2041 542 2067 terrena.
580 2037 721 2067 Prome-

21 2085 139 2116 theus.’
166 2086 262 2117 Idem.

64 2139 125 2168 497
151 2136 349 2177 Epimethea]
373 2137 403 2168 A
430 2142 593 2178 sequente
617 2137 721 2178 poeni-

21 2186 142 2218 tentia.
187 2187 244 2217 Sic
262 2187 499 2228 pedissequam
526 2188 721 2228 Epimethei

21 2237 265 2269 Poenitentiam
291 2237 377 2268 dicit
399 2238 568 2278 Georgius
591 2238 722 2279 Pachy-

21 2289 157 2326 mestus,
170 2288 227 2319 lib.
244 2297 298 2319 111.
314 2287 556 2320 Historiarum.
582 2289 700 2320 Barth.

63 2341 124 2369 501
150 2339 194 2369 Et
209 2339 271 2369 seri
293 2341 451 2369 transacta
474 2338 618 2379 gemunt]
645 2339 722 2370 Non

21 2398 97 2428 sero,
123 2389 157 2419 in
183 2388 338 2428 scriptis:
362 2390 441 2420 serie
470 2390 598 2430 primus
625 2390 722 2420 Vati-

24 2448 136 2470 canus.
161 2439 204 2470 D.
224 2439 335 2470 Heius.

70 2488 214 2528 Renidet]
241 2490 460 2530 Respleudet.
486 2490 600 2521 Barth.

66 2541 127 2569 504
151 2539 319 2571 Procedere
331 2541 452 2582 saltim]
474 2542 642 2582 Exemplo
655 2542 722 2572 Ru-

24 2586 95 2617 fini.
119 2588 215 2620 Idem.

67 2639 127 2666 50⁷
154 2637 245 2669 Hanc
259 2641 356 2671 tantis
370 2641 530 2681 bellorum]
560 2642 615 2674 Sic
637 2643 722 2675 Isiu-

27 2686 113 2725 grini
131 2687 238 2718 codex
254 2694 289 2720 et
305 2694 374 2721 tres
393 2701 433 2721 ex
450 2693 593 2724 nostris:
619 2694 721 2735 vulgo

1376 178 1486 219 1497

776 280 849 316 hoc,·
885 283 987 321 atque
1019 279 1067 309 ita
1102 277 1259 319 sequenti
1290 287 1401 310 versu.
1440 282 1484 312 D.

777 330 892 361 Heius
1016 361 1018 363 ,

818 379 927 421 Sidus]
950 379 1041 410 Alibi
1059 383 1090 410 te
1106 382 1221 410 nostroe
1233 388 1286 409 cea
1299 378 1387 409 sidus
1398 379 1483 411 dulce

776 431 903 462 carime.
937 430 1105 471 Intelligit
1118 430 1272 460 Castoris
1285 434 1320 461 et
1332 429 1484 461 Pollucis

777 482 934 513 salutaria
952 482 1063 512 nautis
1080 481 1200 512 sidera.
1224 481 1340 511 Barth.

820 536 884 564 508
917 533 1068 573 Spei-ant]
1100 533 1393 573 Superventurum
1421 533 1484 563 sci-

775 583 869 615 licet.
894 584 993 614 Idem.

820 637 881 664 517
909 634 972 669 Qui
993 643 1023 664 se
1048 633 1238 664 tradiderint
1258 633 1397 674 famulo‘]
1425 633 1484 664 Fa-

776 684 868 715 malz's
883 684 962 715 ΑΜ.
979 689 1015 715 et
1032 684 1169 723 scripti:
1194 683 1303 714 infra:
1329 684 1337 700 ‘
1358 683 1413 714 Sic
1432 693 1485 714 me

776 736 959 766 ludibrium
999 735 1135 766 famulis
1180 734 1352 776 risumque
1385 734 1485 765 relin-

778 788 852 827 quis
866 787 887 817 ?'
911 788 954 818 D.
971 788 1082 818 Heius.

818 840 881 867 518
906 837 1182 876 Mutatistupuere
1194 836 1264 876 diu]
1287 835 1483 867 Amentiam

774 887 868 917 illam
880 897 972 917 suam
985 887 1230 918 incredibilem.
1258 886 1386 917 Fabula
1396 886 1486 917 Pen-

777 936 845 967 thei
874 936 978 976 lippis
1011 942 1047 966 et
1078 936 1272 967 tonsoribus
1311 940 1393 967 nota
1422 940 1483 967 est.

772 986 894 1016 Barth.

817 1039 880 1066 520
916 1036 1072 1075 Projectis
1105 1035 1261 1074 fascibus]
1305 1037 1483 1068 Prostratis

770 1085 933 1126 primusa
976 1086 1121 1116 ticanus.
1145 1086 1188 1116 D.
1207 1084 1318 1115 Heius.

832 1139 898 1168 526
922 1136 964 1166 Et
988 1136 1107 1167 rabiem
1131 1136 1245 1166 desisse
1269 1136 1387 1176 dolent]
1421 1136 1486 1168 De-

768 1186 860 1217 scisse
878 1185 985 1216 Aldus
1015 1195 1090 1216 cum
1117 1185 1290 1226 plerisque
1317 1186 1483 1218 membra-

769 1237 838 1267 nis:
869 1243 907 1267 ut
932 1237 1021 1278 apud
1038 1237 1200 1275 Statium,
1216 1235 1326 1267 Theb.
1342 1246 1381 1269 11.
1397 1238 1405 1254 ‘
1421 1238 1485 1269 Re-

769 1287 916 1326 spiciens
939 1287 1087 1318 descisse
1104 1286 1222 1318 Deos.’
1272 1287 1396 1328 Isingr.
1422 1298 1486 1319 ces-

767 1337 855 1367 sisse.
875 1338 1018 1369 Lucens.
1036 1337 1181 1368 descesse.
1198 1337 1319 1369 Petav.
1341 1338 1484 1369 discesse.

776 1387 919 1425 Gyrald.
936 1387 1035 1426 prim.
1050 1388 1210 1419 Vatican.
1224 1393 1260 1419 et
1277 1392 1408 1428 septem
1426 1389 1482 1419 alii

779 1436 950 1474 vulgatam
984 1436 1169 1467 lectionem
1206 1442 1356 1477 tuentur,
1378 1438 1479 1469 bene.

774 1484 901 1515 Lucan.
932 1485 991 1516 lib.
1011 1494 1075 1516 vu.
1099 1486 1108 1502 ‘
1126 1486 1209 1517 Cum
1237 1486 1367 1518 fureret
1392 1488 1481 1519 Pen-

776 1533 888 1571 theus,
905 1534 956 1563 vel
974 1544 1050 1565 cum
1066 1534 1210 1566 desisset
1228 1536 1369 1576 Agave!
1401 1547 1483 1578 quo-

777 1582 875 1612 modo
893 1582 963 1613 illic
983 1583 1164 1623 legendum
1181 1584 1232 1614 vir
1247 1595 1387 1625 magnus
1407 1588 1482 1627 jam

776 1632 919 1670 monuit,
941 1642 1004 1672 pro
1027 1632 1197 1665 desiisset.
1244 1635 1397 1667 Martial.
1423 1638 1482 1669 lib.

776 1690 857 1712 vui.
881 1682 890 1698 ‘
916 1682 1059 1722 Desisti,
1091 1683 1225 1723 Macer,
1256 1686 1398 1716 annulos
1425 1687 1482 1717 ha-

779 1731 886 1762 bere.'
912 1732 1015 1764 Ovid.
1031 1742 1072 1764 11.
1099 1733 1202 1764 Pont.
1229 1734 1282 1764 El.
1307 1738 1337 1765 5.
1369 1736 1378 1752 ‘
1396 1736 1480 1767 Cum

775 1786 812 1812 tu
829 1781 959 1822 desisti,
975 1783 1202 1824 mortaliaque
1217 1793 1276 1814 ora
1290 1784 1449 1825 quierunt
1461 1785 1482 1816 ι’

775 1832 824 1862 ita
850 1836 996 1873 utroque
1012 1833 1087 1864 loco
1104 1833 1241 1866 codices
1259 1835 1392 1876 scripti,
1414 1845 1481 1866 non

774 1882 914 1913 desistis.
939 1883 1048 1914 Idem.

818 1933 952 1973 Dolent]
977 1934 1054 1966 Qua
1080 1935 1282 1975 ignorabant
1302 1936 1480 1976 parricidi·

776 1995 830 2016 um
847 1995 954 2017 suum.
978 1986 1095 2018 Barth.

817 2040 880 2067 529
916 2037 1033 2068 Livida
1062 2039 1161 2079 luctu]
1198 2038 1317 2070 Lurida
1344 2039 1480 2080 quintus

774 2087 886 2118 Vatic.
904 2091 940 2118 et
956 2088 1083 2127 primus
1098 2088 1220 2119 Petav.
1240 2089 1329 2130 quod
1347 2090 1478 2130 placet:

775 2138 875 2177 paulo
893 2142 974 2169 ante
1000 2139 1035 2169 in
1061 2138 1236 2170 Oiseliano
1255 2141 1361 2171 solum
1378 2141 1480 2172 hemi·

775 2188 931 2219 stichium
945 2189 1135 2229 legebatur,
1153 2190 1226 2220 Non
1241 2190 1341 2221 radiis
1355 2191 1481 2222 redimi-

774 2241 807 2268 ta
838 2248 969 2269 comam:
1003 2239 1094 2280 quod
1128 2244 1247 2279 postea
1282 2241 1479 2280 suppletum

775 2288 882 2318 altero
907 2288 1135 2328 hemistichia,
1156 2299 1215 2320 non
1243 2291 1347 2320 lucida
1373 2291 1480 2322 vultu.-

774 2347 836 2378 pro
867 2348 933 2379 quo
958 2339 992 2369 in
1018 2340 1185 2370 nonnullis
1213 2340 1479 2381 exemplaribus,

774 2399 833 2420 non
849 2390 962 2420 lumine
986 2394 1090 2421 sueto.-
1113 2391 1147 2421 in
1176 2391 1284 2431 primo
1309 2392 1478 2422 Vaticano

775 2449 837 2479 pro
855 2440 992 2472 diversa
1008 2442 1170 2480 lectione,
1191 2452 1248 2472 uon
1265 2443 1329 2473 lace
1344 2452 1478 2473 corusca.

773 2487 817 2521 D.
835 2490 956 2523 Heins.

817 2544 881 2572 530
904 2542 1048 2582 Phrygio
1073 2542 1175 2582 busto]
1204 2545 1286 2574 Tam
1314 2543 1431 2584 procul
1459 2551 1478 2572 a

774 2600 879 2632 regno
896 2594 1012 2624 natali.
1037 2594 1153 2625 Barth.

816 2645 879 2673 532
915 2643 1043 2674 Manum
1065 2644 1223 2684 amplexa]
1257 2643 1371 2674 Veluti
1398 2651 1475 2681 sup-

774 2692 864 2734 pleX‚
888 2700 922 2725 et
947 2703 1010 2735 pro
1037 2703 1160 2735 magno
1185 2693 1292 2726 cultu.
1323 2692 1475 2733 Sequens
