1763 3116
638 128 898 162 EIDYLLIA.

44 225 133 267 quod
164 225 305 256 Barthio
337 224 515 266 probatur;
549 222 594 252 nil
624 227 738 253 muto:

43 275 187 307 Luceus.
210 276 288 314 suit.
339 275 407 306 Pro
435 273 562 314 propius
590 273 741 303 nonnulli

41 328 165 366 potius.-
183 332 216 357 et
234 336 292 366 pro
306 323 539 362 undus,herbas.
563 323 607 353 l).
626 322 741 353 Heius.

91 378 127 406 17
153 374 308 413 Flamina]
334 374 446 414 Ipsam
467 382 581 402 auram
605 378 741 412 torpore

44 425 194 465 inficere,
220 430 340 455 auctor
367 423 498 453 Plinius
525 423 546 455 1.
570 432 692 456 xxxu.
711 427 739 454 l.

46 476 158 506 Barth.

87 528 125 555 18
142 525 264 564 Setam]
277 525 357 554 Scia
374 523 540 554 funiculus
554 523 609 555 cui
623 524 740 555 hamus

42 573 183 605 adfixus.
220 574 410 604 Martialis:
436 577 444 590 ⁴
463 575 506 604 Et
532 575 660 614 piscem
677 579 742 604 tre-

41 625 128 654 mula
145 624 322 655 salientem
339 625 462 654 ducere
478 624 573 655 seta.’

90 674 144 705 Vis
159 675 223 704 alta
238 673 335 713 meat]
371 674 460 705 Mira
486 684 565 705 sane
592 674 743 705 efficacia

44 725 200 764 torporis.
246 725 359 755 Barth.

92 775 146 804 l'is
169 775 234 805 alta
259 775 354 814 meat]
381 776 464 806 Atra
491 780 561 815 opt.
590 773 744 806 Ambros.

46 826 87 856 D.
108 825 220 855 Heius.

87 878 126 905 19
160 875 326 905 Absentem
354 876 497 906 cinctura
524 876 639 915 viram]
689 875 744 906 Sic

43 924 187 955 Claverii
203 930 238 955 et
256 925 478 966 Raphelengii
493 926 611 965 editio,
628 930 662 956 et
679 927 744 956 Va—

797 223 929 254 ticanus
943 232 1024 253 unus
1041 232 1116 253 cum
1134 222 1263 253 duobus
1280 224 1363 254 aliis.
1386 226 1497 265 vulgo

795 274 938 304 victura:
960 282 1019 304 sex
1036 276 1183 304 rentara:
1203 274 1267 303 ‹luo
1284 277 1422 311 nectura,
1439 286 1499 314 pro

796 335 926 355 nexura.
952 326 1096 355 Luceus.
1119 329 1153 354 et
1171 324 1311 364 Gyrald.
1330 327 1465 363 eentum,
1482 336 1501 356 a

798 379 898 405 teneo
913 385 921 412 3
939 375 1025 415 quod
1045 375 1179 414 placet:
1199 378 1319 404 rectura
1338 374 1500 405 Rottcnd.

798 425 896 464 prim.
922 425 1078 456 vatican.
1102 430 1135 454 ct
1153 425 1271 455 cameri
1297 424 1416 464 scripti
1439 425 1501 455 vic-

797 476 877 505 tura.
907 475 960 504 An
976 478 1100 505 nectura
1118 485 1177 515 pro
1194 473 1367 505 necaturas!
1391 474 1500 505 Idem.

839 528 877 555 21
914 524 1038 555 Arcano
1056 525 1198 565 frigore]
1236 525 1327 556 A‘c're
1357 525 1428 565 ipso
1454 526 1502 555 in-

796 573 901 606 fecto.
937 575 1023 605 Vide
1047 575 1283 606 Cassiodorum
1303 576 1381 606 Var.
1401 575 1457 607 lib.
1476 585 1501 606 1.

800 625 906 664 Epist.
922 628 974 656 35.
1009 626 1122 656 Barth.

841 678 881 706 24
908 676 1000 706 Redit
1022 676 1216 715 exarmatus]
1242 675 1390 715 Abjocto
1410 676 1501 716 pisce

799 725 890 755 abire
918 726 988 765 ojus
1016 725 1187 765 effectum,
1203 731 1340 756 auctore
1358 736 1398 757 ex
1418 736 1503 766 prae-

800 782 896 807 sente
913 788 1015 817 supra
1031 779 1216 808 retulimus.
1254 779 1351 809 Idem.

846 828 1037 857 Exarmutas
1061 828 1193 867 habena]
1215 829 1322 858 Arena
1344 827 1450 858 Aldus
1468 832 1504 858 et

800 877 896 906 multi
920 877 1053 917 scripti.
1082 877 1181 908 benc.
1206 878 1386 908 arundinem
1403 886 1505 917 supra

802 926 947 957 vocavit.
995 927 1042 957 D.
1062 926 1173 957 Heius.

674 1113 881 1155 XLVII.

661 1256 701 1297 4.
759 1254 889 1295 Nilus.

87 1373 130 1405 In
145 1375 287 1405 Lucensi
305 1379 399 1405 recte
412 1376 517 1412 Nilus,
530 1385 595 1406 non
609 1377 645 1406 de
659 1376 745 1415 Nilo,

44 1424 241 1455 inscribitur
264 1425 326 1455 hoc
350 1425 523 1465 ldyllium,
543 1431 578 1456 ut
602 1432 638 1456 et
656 1426 746 1457 1²11oe-

44 1476 111 1513 nix,
131 1474 279 1514 Torpedo²
299 1476 442 1513 Magnes,
458 1476 597 1515 Aponus,
612 1481 646 1506 et
662 1477 747 1507 simi-

44 1524 97 1554 lia.
136 1524 176 1555 In
194 1527 304 1564 primo
323 1526 398 1556 Vat.
422 1526 515 1556 Nilus
538 1527 660 1566 incipit.
699 1528 746 1558 D.

47 1574 164 1605 Heius.

88 1627 108 1654 2
134 1624 206 1654 Non
236 1625 354 1665 sperat]
387 1626 623 1665 Praestolatur‚
651 1637 752 1667 exop-

48 1680 110 1713 tat,
141 1675 288 1714 invocat,
329 1677 492 1716 postulat.
553 1678 631 1708 Non
663 1678 752 1709 enim

47 1727 153 1757 metuit
183 1732 283 1757 sonat
317 1727 379 1757 hoc
412 1728 499 1759 loco.
557 1728 753 1760 Observan-

47 1776 125 1807 dum
154 1776 243 1817 quod
271 1777 386 1808 dicant
415 1784 581 1818 auctoreS,
606 1780 752 1810 omnium

48 1827 222 1859 fluviorum
241 1829 344 1859 solum
373 1829 487 1859 Nilum
514 1839 657 1870 vapores
682 1831 755 1860 nul-

46 1878 94 1908 los
110 1879 295 1918 exspirare.
329 1879 444 1910 Barth.

90 1930 107 1958 3
134 1928 274 1958 Pluriali
293 1928 417 1967 stigore
445 1930 553 1970 Coros]
577 1930 752 1962 Occiduus

47 1982 180 2016 ventus,
197 1984 316 2009 contla
334 1979 536 2020 Aquilonem
553 1979 646 2013 flans.
671 1982 753 2013 Gel

50 2029 112 2058 lius
132 2036 169 2058 u.
185 2032 236 2059 22.
268 2030 362 2060 Idem.

91 2080 110 2108 4
127 2078 268 2118 Invocat]
284 2079 438 2110 Tibullus
451 2081 567 2111 eadem
583 2092 637 2112 re:
656 2083 664 2099 ‘
679 2082 755 2114 Ari-

50 2127 92 2158 da
110 2137 172 2159 nec
190 2129 303 2169 pluvio
329 2131 502 2170 supplicat
525 2132 629 2169 lierba
653 2132 754 2164 Jovi.’

50 2179 149 2210 Idem.

91 2235 109 2262 5
127 2232 299 2272 AEgyptas]
317 2233 472 2273 ,Ἐξ-111403
489 2235 638 2276 quinque
655 2235 732 2266 libri
747 2246 753 2265 :

50 2281 146 2313 bene.
207 2284 372 2324 Sequenti
404 2294 504 2315 versu
536 2286 623 2315 malo
653 2290 758 2316 tenens

53 2341 150 2371 quam
168 2335 261 2363 tenet.
292 2334 334 2364 D.
352 2334 469 2366 Heius.

92 2385 112 2411 6
136 2382 248 2413 Secura
264 2384 341 2423 poli]
370 2385 501 2415 Plinius
519 2386 755 2428 Panegyrico:

50 2433 59 2447 ⁶
80 2432 243 2472 AEgyptus
261 2435 423 2473 augendis
448 2437 644 2478 alendisque
661 2439 758 2469 semi-

53 2481 151 2512 nibus
168 2482 215 2512 ita
233 2483 375 2521 gloriata
401 2490 462 2524 est,
489 2491 523 2517 ut
544 2488 626 2518 niliil
645 2488 758 2520 imbri-

57 2532 116 2563 bus
132 2533 283 2573 coeloqm·
304 2535 466 2566 ‹leben-et)
492 2537 606 2567 Barth.

98 2585 116 2612 7
143 2582 264 2612 Gaudet
282 2584 379 2623 aquis,
391 2595 465 2623 (jaas
481 2586 546 2625 ipsa
563 2587 656 2626 tellit,
672 2588 760 2620 Nilo-

56 2642 112 2672 que
133 2633 300 2672 redundat]
328 2634 426 2664 Nilus
452 2635 598 2666 omnium
626 2639 759 2670 omnino

56 2682 219 2713 bonorum
247 2682 346 2714 dator
373 2684 566 2716 celebratur
585 2687 758 2727 scriptori-

805 1377 879 1416 bus,
911 1387 1052 1418 quorum
1080 1387 1177 1408 nemo
1208 1387 1274 1408 non
1299 1379 1448 1410 sanctius
1474 1385 1509 1411 et

804 1428 1031 1458 venerabilius
1048 1427 1175 1468 aliquid
1189 1428 1231 1458 de
1249 1438 1287 1458 eo
1300 1428 1413 1459 dicere
1430 1438 1510 1460 con-

806 1477 927 1508 tendit.
974 1479 1023 1508 Eo
1051 1477 1218 1517 profluere
1236 1478 1396 1508 bonorum
1413 1488 1510 1510 omne

807 1537 912 1567 genus
928 1528 1021 1558 velut
1040 1528 1254 1567 proverbium
1273 1534 1356 1559 erat.
1382 1530 1479 1560 Idem.

850 1581 868 1608 8
896 1578 1012 1607 Mediis
1029 1578 1066 1608 ab
1083 1578 1224 1618 Austris]
1242 1578 1329 1608 Vide
1343 1579 1510 1610 Scortiam

810 1637 832 1658 ι.
858 1631 886 1658 3.
913 1629 1001 1658 Sane
1033 1628 1189 1668 indigena
1221 1627 1342 1658 fluvius
1374 1629 1510 1660 minime

808 1683 873 1717 est,
891 1678 1117 1719 undecunque
1136 1678 1261 1709 veniat.
1287 1679 1381 1708 Idem.

853 1729 968 1759 sileatis
984 1729 1102 1768 elapsus
1126 1728 1163 1758 ab
1178 1728 1320 1768 Austris]
1347 1729 1460 1759 Elatus
1475 1729 1511 1759 ab

808 1779 910 1809 antris
925 1778 1044 1818 scripti
1073 1778 1242 1819 plerique.
1288 1779 1416 1810 Statius
1430 1780 1514 1810 The-

811 1829 900 1861 baid.
918 1839 966 1861 iv.
991 1831 1000 1846 ⁴
1018 1829 1073 1859 Sic
1101 1829 1157 1859 ubi
1188 1839 1223 1859 se
1244 1829 1372 1869 magnis
1391 1828 1513 1861 refluus

811 1879 1002 1920 suppressit
1019 1880 1051 1909 in
1068 1879 1175 1910 antris
1204 1880 1334 1910 Nilusz’
1367 1881 1425 1910 sed
1445 1882 1514 1911 vul-

807 1937 887 1972 gata
913 1930 1085 1970 scriptura
1117 1939 1181 1959 11011
1209 1935 1260 1960 est
1288 1929 1514 1961 sollicitanda.

808 1980 986 2010 Lucretius
1011 1980 1069 2010 lib.
1088 1989 1137 2010 Vi.
1166 1980 1207 2009 de
1236 1980 1334 2010 Nilo:
1359 1980 1368 1996 ‘
1387 1979 1452 2010 Ille
1472 1990 1515 2010 ex

808 2030 961 2061 aestif'era
978 2031 1067 2071 parti
1086 2031 1178 2061 venit
1207 2031 1313 2061 amuis
1329 2031 1370 2061 ab
1389 2032 1514 2062 Austro

808 2082 903 2112 Inter
924 2082 1022 2121 nigra
1039 2081 1148 2111 virum
1167 2086 1396 2122 percoctaque
1414 2082 1517 2112 saecla

810 2132 923 2162 calore
953 2131 1142 2162 Emi-iens!
1188 2131 1218 2161 A
1251 2132 1396 2161 Meridie
1427 2131 1516 2162 enim

811 2180 915 2212 fluere
942 2181 1031 2211 hunc
1061 2190 1192 2211 amnem
1220 2182 1406 2221 scriptores
1439 2191 1517 2212 con-

812 2237 944 2262 stanter
971 2239 1178 2263 asseverant.
1225 2232 1332 2262 I'aulo
1364 2236 1443 2263 ante
1473 2242 1518 2262 re-

811 2284 949 2313 dundant
967 2293 1032 2313 non
1050 2284 1200 2313 redundat
1218 2283 1294 2323 lego
1310 2293 1318 2320 ;
1342 2293 1436 2323 aquae
1455 2282 1516 2313 sci-

812 2334 913 2364 licet:
943 2338 1044 2373 atque
1073 2333 1119 2363 ita
1147 2343 1232 2363 unus
1261 2334 1517 2364 Ambrosianus.

812 2385 857 2415 D.
877 2384 987 2414 Heius.

855 2437 875 2465 9
894 2435 1066 2474 Cancrique
1080 2434 1221 2473 calentis]
1246 2434 1440 2474 AEtliiopum
1460 2433 1517 2464 du-
1555 2458 1558 2459 γ

813 2484 871 2515 cis.
920 2485 1078 2515 Manilius
1096 2485 1117 2514 1.
1138 2494 1169 2515 v.
1197 2484 1300 2514 ‘colit
1318 2484 1416 2514 ludia
1433 2484 1519 2513 Can-

815 2546 928 2566 crum:
974 2535 1110 2566 Ardent
1149 2536 1323 2576 AEtliiopes
1364 2533 1518 2565 Cancro!

814 2587 930 2617 Barth.

858 2641 897 2667 10
937 2637 1098 2667 Fluctibus
1130 2636 1264 2675 ignotis]
1306 2634 1451 2665 Nea-ibus
1476 2643 1517 2663 ex

813 2687 970 2719 Palatino
987 2686 1166 2724 Batauum
1195 2685 1284 2726 quod
1311 2694 1372 2724 ego
1400 2684 1431 2713 in
1462 2683 1519 2714 ilio
