1763 3116
579 113 960 144 EPlGRAMMATA.

91 208 109 236 3
139 205 264 237 Vencris
273 204 547 247 sortitafiguram]
571 205 657 238 Quae
675 206 745 235 Dea

48 255 188 295 fingitur
202 256 279 286 nihil
293 256 420 296 pariter
435 255 538 285 invita
551 255 634 294 pati,
645 265 745 295 quam

49 305 167 337 forunae
193 316 261 336 sum
283 306 380 335 aliam
407 313 639 345 quamcunque
657 314 745 335 com-

49 357 138 397 poni.
185 357 264 396 Ejus
280 365 360 394 ergo
383 355 558 394 zrlotypiae
587 355 744 385 interisse

50 407 122 437 vult
139 406 234 436 istam
247 404 460 436 Claudianus.
483 405 619 435 Smnma
632 410 746 436 autem

50 455 165 486 formae
195 453 441 486 commendatio
473 464 590 495 parem
629 454 748 486 haberi

49 506 224 536 Vencreoe.
247 504 363 536 Barth.

1382 106 1498 149 1735

842 208 862 236 4
888 205 1117 245 Egregiumque
1129 206 1234 245 decus]
1251 207 1432 246 Cujaciana
1444 219 1502 239 ex-

801 256 965 295 emplaria
982 266 988 285 :
1032 256 1261 295 Egregiumque
1291 258 1393 295 (lecim,
1421 258 1502 289 inri-

800 307 943 345 dinmque
959 306 1041 336 tulit.
1087 306 1191 335 Simul
1206 306 1347 344 scilicet,
1362 307 1449 337 unde
1466 313 1504 339 et

801 354 1041 386 formosissima
1053 355 1129 394 fuit,
1141 361 1174 386 et
1190 355 1258 386 (tito
1272 356 1382 395 periit.
1406 357 1504 388 Idem.

845 405 966 444 Egi-egi
971 416 1078 445 umque
1089 407 1189 444 decus,
1198 406 1403 445 invidiamque
1416 406 1505 446 tulit]

802 454 882 486 Non
894 455 1044 486 invidiam
1054 456 1401 494 meruit,(llaverianus
1412 455 1510 497 liber,

803 506 971 547 probante
988 507 1138 538 Bartliio.
1166 507 1211 538 D.
1230 506 1342 539 Heins-

705 685 863 729 XCII.

493 807 566 848 42.

94 905 137 934 Vt
147 913 217 936 LEM
230 910 357 936 vestem
369 916 444 947 quae
458 907 617 946 pretiosae
631 916 753 937 nomen

53 952 153 992 ferat,
169 955 318 985 incessit.
354 955 488 986 Birrum
506 956 595 986 enim
612 956 751 986 Bibrum

54 1004 251 1035 castoreum
277 1005 393 1035 haberi
417 1005 513 1044 (licit,
541 1015 575 1035 se
594 1015 672 1036 vero
691 1015 751 1045 pro

53 1053 112 1084 tali
131 1055 261 1084 nescire
277 1065 474 1095 agnoscere,
492 1062 560 1086 tum
577 1056 666 1097 quod
684 1066 752 1087 ma·

55 1104 172 1134 teriem
191 1105 317 1142 videat,
346 1110 416 1138 tum
433 1107 521 1147 quod
541 1107 649 1137 viliori
679 1117 755 1147 pre-

55 1154 101 1184 tio
115 1161 205 1185 emta
217 1156 260 1186 sit
271 1166 368 1196 quam
381 1162 476 1188 tanta
489 1158 622 1188 nomina
634 1156 756 1188 ferant.

55 1206 132 1237 Scio
149 1207 237 1246 quod
256 1208 372 1239 Birrus
396 1208 497 1239 fuerit
522 1209 671 1248 pretiosa
686 1217 757 1239 ves-

57 1255 111 1295 tis,
126 1262 297 1298 utcunque
313 1259 490 1290 tralatitia.
529 1260 673 1297 Birrum,
689 1268 758 1289 ves-

58 1310 124 1336 tem
143 1316 306 1346 crassam,
333 1309 474 1339 Bibrum
494 1309 653 1340 dicebant
679 1318 759 1339 non-

58 1358 153 1388 nulli.
200 1358 351 1389 Isidorus
384 1368 460 1390 xix.
490 1363 542 1391 24.
590 1360 665 1391 Hoc
695 1364 760 1399 est,

58 1408 148 1447 quod
166 1407 256 1439 ferre
284 1419 348 1439 uon
376 1415 512 1450 poterat
542 1410 762 1449 Claudianus,

56 1458 64 1473 ‘
85 1458 278 1489 Castoream
298 1459 451 1490 nimirum
472 1465 612 1496 vestem,
636 1460 761 1499 pretio-

58 1507 222 1538 sissi-nam
240 1509 345 1548 illam,
359 1514 393 1539 et
409 1510 640 1549 tenerrimam,
653 1510 711 1540 vili
726 1514 760 1540 et

59 1565 169 1587 crasso
203 1557 293 1589 birro
325 1568 446 1589 nomen
475 1569 572 1590 suum
603 1559 762 1590 tradere!

60 1606 155 1638 Idem
174 1608 261 1638 enim
286 1609 408 1639 animal
434 1609 547 1640 bibrus
571 1610 642 1640 sive
665 1609 762 1648 fiber,

61 1662 119 1689 aut
137 1657 233 1689 biber
261 1664 296 1690 et
315 1660 446 1690 Castor.
470 1660 677 1691 Scholiastes
702 1660 762 1693 Ju-

60 1708 188 1739 venalis
206 1709 246 1738 ad
265 1710 338 1740 Sat.
356 1718 425 1741 xit.
441 1713 493 1741 34.
517 1711 634 1742 Barth.

106 1761 121 1789 l
151 1758 266 1789 Umbra
294 1759 410 1799 manet]
448 1762 670 1802 Nequaquam
710 1771 763 1793 res

60 1807 146 1849 ipsa,
162 1810 219 1840 sed
238 1810 302 1841 vile
319 1811 547 1842 simulacrum.
573 1812 667 1843 Idem.

105 1863 124 1890 2
147 1859 183 1890 Si
196 1861 306 1892 Castor
316 1862 429 1902 niteat]
454 1862 602 1894 Omnino
615 1863 763 1894 scriben-

63 1908 154 1950 dum,
192 1911 235 1941 Ni
263 1913 376 1943 Castor
398 1913 509 1954 niteat,
534 1912 598 1943 uisi
615 1913 761 1943 nitorem

619 804 685 846 De
706 805 833 847 Birro
860 806 1064 848 Castor-eo.

810 908 959 938 Castoris
984 906 1156 948 praeferat,
1173 917 1284 948 neque
1297 907 1383 939 enim
1398 906 1513 939 dicere

809 957 1022 988 Castor-eum.
1067 958 1246 988 Sententia
1264 959 1311 989 sie
1328 963 1381 989 est
1398 959 1511 999 plana.

810 1007 909 1036 Idem.

853 1057 890 1087 Se·
911 1057 1023 1087 Castor
1038 1056 1153 1097 niteat]
1177 1056 1266 1087 Haec
1283 1056 1516 1097 inquinatissi-

811 1116 865 1137 ma
890 1111 979 1138 sunt.
1015 1107 1162 1138 Lucens.
1187 1111 1223 1138 et
1249 1111 1405 1147 excerpt.
1433 1107 1515 1138 Pnt.

803 1158 910 1197 juret:
932 1156 1041 1188 Aldus
1063 1158 1161 1189 viret:
1182 1166 1303 1187 novem
1327 1156 1449 1196 scripti
1471 1156 1520 1187 vi-

812 1212 876 1239 tet:
899 1209 1162 1239 ss0n011.incret:
1186 1208 1250 1238 dno
1271 1212 1341 1247 opt.
1357 1207 1519 1239 Ambros-

814 1258 911 1288 m'tet:
940 1257 1082 1296 Gyrald.
1100 1266 1177 1287 cum
1189 1257 1338 1295 vulgatis
1356 1257 1467 1296 niteat,
1482 1262 1519 1288 et

815 1318 890 1338 mox
908 1317 964 1339 non
976 1307 1078 1338 dicere
1088 1317 1150 1347 pro
1164 1317 1245 1338 nam.
1270 1308 1428 1337 Bartliius
1442 1317 1519 1339 cum

816 1358 1025 1389 Claverianis
1054 1358 1158 1395 libris,
1187 1357 1233 1387 Ni
1263 1359 1374 1388 Castor
1400 1359 1520 1390 niteat:

814 1409 978 1448 Scaliger,
1008 1408 1045 1439 Si
1069 1412 1197 1440 tea-tura
1214 1412 1309 1440 retat-
1348 1409 1464 1448 Forte,
1481 1410 1521 1440 Si

819 1460 930 1488 Castor
946 1460 1027 1488 vivet
1045 1459 1097 1488 vel
1114 1459 1207 1489 rit-at.
1254 1459 1321 1488 Pro
1338 1459 1439 1490 dicere
1457 1459 1520 1490 bir-

815 1519 885 1539 rum
900 1509 932 1539 in
950 1508 1064 1538 multis
1078 1514 1229 1539 veterum
1246 1508 1380 1539 discere:
1405 1513 1440 1539 et
1456 1509 1522 1539 No·

818 1569 887 1589 men
906 1558 995 1588 rerba
1012 1561 1113 1589 manet
1137 1567 1202 1589 sec.
1219 1558 1332 1588 Vane.
1350 1558 1521 1591 mendose.

817 1609 881 1641 Sed
901 1610 985 1640 tanti
1003 1609 1075 1640 haec
1093 1619 1158 1639 non
1173 1614 1262 1646 sunt,
1275 1609 1306 1638 in
1324 1608 1446 1649 quibus
1463 1609 1523 1639 diu

817 1660 1014 1691 haereamus.
1037 1658 1228 1689 videantur
1246 1663 1370 1696 tamen,
1385 1667 1460 1698 quae
1479 1658 1525 1689 ad

819 1710 1080 1740 illustrationem
1115 1708 1216 1749 hujus
1266 1707 1522 1748 epigrammatis

819 1760 963 1791 contulit
975 1759 1134 1790 Barthins
1148 1769 1180 1799 p.
1194 1761 1291 1789 1061.
1315 1758 1385 1788 Pro
1396 1758 1526 1798 potestis

822 1811 928 1841 Aldus
954 1814 1114 1851 potestur:
1139 1809 1199 1841 sed
1225 1809 1324 1841 aliter
1349 1808 1454 1841 nostri
1471 1818 1526 1840 co-

818 1861 925 1892 dices.
952 1862 997 1892 D.
1016 1861 1130 1892 Heius.

715 2080 868 2122 XCV.

528 2200 600 2240 45,

113 2295 192 2327 Hoc
223 2305 370 2335 carmen,
400 2306 588 2338 quanquam
622 2298 770 2337 elegans,

71 2345 249 2376 Claudiani
263 2356 336 2377 csse
350 2356 415 2377 non
431 2348 636 2387 persuadeor
653 2353 688 2379 ut
701 2358 771 2378 crc-

72 2395 172 2433 dam3
197 2396 255 2425 sed
274 2406 336 2426 nec
354 2397 532 2428 Graecum:
559 2400 686 2438 primus
704 2400 772 2429 Va·

73 2446 217 2484 ticauus,
236 2446 349 2486 Incipit
361 2448 397 2477 de
411 2448 582 2479 salt-«tare.
610 2450 652 2479 D.
668 2450 773 2480 Hein-

73 2497 155 2527 sius.

118 2550 133 2577 l
161 2547 332 2578 Redeunti-3
346 2548 420 2587 aeri]
445 2548 594 2580 Imitatio
612 2550 774 2581 Pollionis

73 2597 287 2627 Maroniani:
313 2599 321 2613 ‘
339 2597 415 2629 ,lam
440 2598 525 2629 redit
543 2604 577 2630 et
594 2600 700 2639 virgo,
725 2610 775 2631 re-

74 2645 181 2676 deunt
198 2646 355 2677 Saturnia
374 2647 500 2687 regnu!
525 2649 639 2679 Barth.
661 2656 663 2658 ’

121 2698 270 2728 Conditor
285 2697 359 2737 aevi]
387 2698 480 2728 Orbis
497 2699 593 2738 prim.
611 2699 723 2731 Vatic.
741 2704 777 2731 et

656 2200 830 2241 Carmen
855 2199 1070 2241 Paschalc.

827 2298 977 2339 quinque
992 2298 1059 2329 alii.
1083 2297 1225 2339 Gyraltl.
1242 2297 1325 2328 anni.
1350 2298 1394 2328 D.
1408 2296 1530 2327 Heius.

869 2352 888 2378 2
915 2349 1011 2383 Quem
1029 2347 1119 2386 fudit
1144 2348 1181 2378 nb
1207 2349 1287 2388 alla]
1312 2348 1449 2379 Iudicat
1479 2356 1532 2376 oc·

827 2400 919 2430 culte
934 2398 989 2429 τὸν
1005 2398 1136 2439 ἄχρονον
1149 2398 1272 2439 χρόνον,
1289 2399 1530 2430 aeternitatem.

828 2450 956 2488 Semper
972 2449 1212 2485 enimsuderat.
1238 2451 1357 2480 Rarus.

874 2500 969 2530 Fudit
985 2501 1022 2530 ab
1039 2501 1119 2541 alta]
1147 2501 1282 2532 Fudcrut
1299 2502 1362 2530 alta
1377 2499 1442 2529 (luo
1455 2498 1532 2528 Flo·

828 2551 949 2580 renum
969 2554 1003 2580 et
1021 2551 1206 2581 Palatinus,
1230 2551 1273 2581 D.
1294 2551 1404 2581 Heius.

872 2604 891 2631 4
919 2601 1021 2640 Impia
1045 2604 1079 2631 lu
1103 2600 1229 2639 nostr-ce]
1257 2600 1319 2635 Qui
1335 2603 1447 2630 ποθέν-ιε
1463 2597 1532 2636 Gy-

830 2650 979 2681 raldiuus
1011 2656 1047 2681 et
1079 2650 1216 2681 secund.
1254 2650 1455 2680 Vaticanus:
1496 2649 1533 2676 et

830 2709 908 2731 mox
921 2700 1028 2731 mundi
1054 2710 1114 2740 pro
1142 2701 1284 2730 mundum
1302 2698 1390 2729 idem
1408 2694 1532 2737 Gyral-
