1763 3116
573 92 954 126 EPIGRAMMATA.
1380 78 1493 120 1723

685 278 844 321 LXII.

634 423 701 465 12.
752 420 901 462 Aliter.

81 555 96 583 1
123 548 348 589 Mamm-eum]
372 546 419 578 Hi
439 555 555 578 versus
582 546 613 576 in
637 545 736 586 prim.
835 546 855 574 2
883 541 988 573 Rubro
1015 539 1111 578 mari]
1159 536 1326 570 Omnibus
1358 535 1495 578 gemmis

38 603 207 633 Vaticano
224 609 327 640 supra
339 597 541 639 legebantur
558 599 633 636 post
653 597 737 626 Auc—
793 594 871 626 inde
889 591 1051 623 oriundis,
1078 590 1194 620 Barth.

36 655 86 682 tus
101 651 201 681 honos·
248 649 372 680 Graeca
385 657 460 688 quae
477 650 677 687 sequuntur,
695 653 737 674 ex
835 647 854 675 4
879 643 940 674 Sed
967 652 1054 673 raras
1075 642 1156 672 inter
1171 639 1300 670 habetur
1322 637 1408 678 opes]
1439 637 1496 668 Ita

37 699 245 740 Antliologia
291 696 502 738 deprompsit
545 695 738 735 Rapbelen-
794 694 949 736 plerique
964 701 1077 724 omnes
1095 691 1185 730 libri,
1198 699 1307 731 neque
1324 688 1366 719 de
1381 688 1495 719 imma·

36 753 130 792 gius:
156 756 281 782 caetera
298 759 339 780 ex
357 748 523 778 Vaticano
545 745 665 777 codice
683 745 737 775 de·
793 745 929 776 nissimo
957 742 1111 783 crystalli
1136 741 1248 782 pretio
1277 740 1394 780 ignota
1417 742 1497 769 sunt

35 803 161 842 scripta
178 810 310 832 mecum
326 798 588 831 communicavit
608 796 670 826 Vir
687 796 736 826 Cl.
794 806 868 837 quae
888 795 1019 826 Plinius
1035 794 1160 835 aliique
1176 792 1329 824 tradunt.
1354 790 1451 821 Idem.

36 854 106 884 Leo
123 852 281 883 Allatius.
316 851 363 882 D.
379 849 492 880 Heius.

663 1000 852 1044 LXIII.

540 1138 612 1179 13,
653 1136 736 1173 ’Έτι
757 1136 839 1183 περὶ
860 1135 985 1172 αὑτοῦ.

77 1261 157 1293 Hoc
186 1260 235 1290 ita
272 1257 582 1298 interpretabamur
612 1255 740 1286 adoles·
794 1252 858 1284 tibi
874 1255 1042 1283 monstrat
1063 1249 1209 1290 imagine
1235 1248 1407 1287 mundum,
1425 1248 1498 1279 Coe-

37 1312 165 1343 centuli
181 1322 188 1341 :
206 1312 213 1326 ‘
233 1309 421 1349 Crystallus
437 1308 512 1338 nive
531 1312 620 1345 nata,
638 1314 738 1336 manu
794 1305 862 1334 lum
881 1303 1075 1343 amplexum
1101 1302 1192 1332 intus
1217 1300 1297 1332 saevi
1321 1299 1394 1330 fera
1411 1308 1496 1329 mar-

37 1360 354 1402 fabrefactavvirili,
379 1358 554 1390 AEternum
584 1358 617 1388 in
646 1356 739 1386 varia
793 1363 888 1385 mora
903 1352 1020 1395 ponti.'
1052 1352 1168 1383 Barth.

671 1517 852 1560 LXIV.

541 1654 609 1694 14.
658 1652 742 1690 ’Έτι
761 1651 842 1700 περὶ
863 1649 987 1685 αὐτοῦ.

80 1780 212 1811 EADEM
243 1787 347 1819 opera
374 1778 423 1808 ita
450 1775 539 1807 istud
568 1773 741 1806 transtuli-
795 1770 1011 1812 lapidescere
1042 1768 1175 1809 jussus:
1223 1765 1308 1798 Quis
1340 1764 1500 1795 strinxit?

38 1841 130 1863 mus:
152 1831 162 1848 ‘
178 1830 258 1870 Dic,
286 1838 362 1869 age,
388 1827 433 1859 mi
451 1826 633 1868 Crystalle‚
650 1825 742 1856 latex
796 1822 939 1853 Boreas.
964 1818 1026 1851 Cui
1040 1817 1211 1850 resoluta?
1237 1815 1355 1848 Noto.'
1386 1814 1499 1846 Barth.

649 1988 888 2033 LXVIII.

406 2129 477 2171 18.
530 2127 581 2167 In
619 2126 830 2180 Sphaeram
862 2120 1130 2164 Archimedis.

80 2256 260 2287 ememus
287 2251 430 2293 Sphaera
458 2250 532 2281 baec
565 2249 741 2281 Arelliine-
798 2248 885 2279 teria
923 2245 1184 2282 concinnantur,
1212 2248 1501 2282 supervacaneum

37 2305 100 2344 dis,
122 2310 160 2335 ut
175 2314 229 2334 res
246 2307 316 2334 tum
332 2312 429 2333 nova.
465 2301 568 2341 Cujus
586 2309 663 2330 usus
681 2299 743 2329 rei·
797 2303 849 2330 est
874 2303 998 2329 terram
1027 2295 1058 2326 in
1088 2293 1200 2325 medio
1233 2292 1332 2331 globo
1360 2289 1503 2330 fingere,

39 2365 102 2396 que
126 2353 231 2384 fuerit
257 2353 386 2384 indicat
412 2351 607 2383 Lactantius
624 2350 684 2382 lib.
701 2358 741 2381 11.
797 2348 876 2390 quia
900 2357 965 2379 non
994 2345 1215 2386 conspicitur.
1274 2341 1387 2373 Hodie
1413 2339 1502 2380 globi

38 2416 68 2436 c.
81 2408 112 2435 5.
151 2403 261 2434 Barth.
796 2398 938 2430 seorsim
955 2397 1111 2429 coelestes
1127 2395 1213 2426 fiunt
1238 2400 1273 2425 et
1298 2397 1478 2424 terrestres
1494 2401 1502 2428 3

82 2453 176 2484 Alibi
204 2452 324 2483 Claud.
362 2452 399 2482 In
428 2451 625 2482 Archimedis
646 2451 740 2491 sphoe-
796 2451 828 2481 in
841 2449 982 2491 sphaeris
999 2448 1158 2488 κρικωταῖς
1173 2452 1263 2476 terra
1276 2445 1383 2475 instar
1400 2450 1504 2483 punc-

38 2516 117 2543 rum,
133 2503 275 2545 quoefuit
293 2503 404 2534 vitrea.
428 2503 497 2533 Per
515 2504 636 2534 vitrum
653 2503 742 2533 enim
796 2501 822 2532 ti
851 2510 893 2530 ex
919 2508 1024 2540 grano
1046 2498 1159 2539 aliquo
1181 2496 1325 2527 rotunde
1341 2492 1503 2532 effigiata,

38 2556 140 2587 facile
169 2554 318 2594 perspici
346 2558 484 2593 poterat
509 2558 601 2584 terra
626 2553 659 2583 in
676 2562 742 2583 me·
796 2551 828 2581 in
846 2550 920 2591 ipso
935 2553 1053 2581 centro
1066 2548 1265 2579 collocatur.
1290 2545 1357 2576 Sed
1373 2543 1425 2573 liic
1438 2549 1504 2572 non

40 2606 96 2637 dio
114 2605 203 2646 globi
222 2604 344 2635 librata
360 2613 398 2634 ac
416 2612 590 2643 suspensa.
622 2602 663 2633 In
681 2612 743 2634 cae-
795 2600 894 2631 stetit
910 2599 1108 2630 miraculum
1133 2596 1370 2627 Archimeden:
1397 2592 1503 2631 spbae-

42 2657 123 2687 teris
140 2654 254 2686 solidis
271 2653 424 2695 sphaeris,
439 2662 513 2694 quae
531 2661 573 2684 ex
595 2653 660 2684 alia
674 2662 743 2684 ma-
797 2660 856 2681 rae.
903 2650 978 2681 Nec
1008 2648 1099 2680 enini
1130 2647 1275 2678 circulos
1308 2648 1439 2675 tautum
1470 2644 1505 2671 et
