<?xml version="1.0" encoding="UTF-8"?>
<!DOCTYPE html PUBLIC "-//W3C//DTD XHTML 1.0 Transitional//EN"
    "http://www.w3.org/TR/xhtml1/DTD/xhtml1-transitional.dtd">
<html xmlns="http://www.w3.org/1999/xhtml" xml:lang="en" lang="en">
 <head>
  <title>
</title>
<meta http-equiv="Content-Type" content="text/html;charset=utf-8" />
  <meta name='ocr-system' content='tesseract 3.04.00' />
  <meta name='ocr-capabilities' content='ocr_page ocr_carea ocr_par ocr_line ocrx_word'/>
</head>
<body>
  <div class='ocr_page' id='page_1' title='image "./operaomniaexedit04clauuoft_0137.png"; bbox 0 0 1763 3116; ppageno 0'>
   <div class='ocr_carea' id='block_1_1' title="bbox 548 160 934 197">
    <p class='ocr_par' dir='ltr' id='par_1_1' title="bbox 548 160 934 197">
     <span class='ocr_line' id='line_1_1' title="bbox 548 160 934 197; baseline -0.018 0"><span class='ocrx_word' id='word_1_1' title='bbox 548 165 676 197; x_wconf 74' lang='lat' dir='ltr'><strong>LAUS</strong></span> <span class='ocrx_word' id='word_1_2' title='bbox 709 160 934 193; x_wconf 86' lang='lat' dir='ltr'>SERENAE.</span> 
     </span>
    </p>
   </div>
   <div class='ocr_carea' id='block_1_2' title="bbox 18 257 775 2774">
    <p class='ocr_par' dir='ltr' id='par_1_2' title="bbox 18 257 719 505">
     <span class='ocr_line' id='line_1_2' title="bbox 61 257 717 303; baseline -0.027 1"><span class='ocrx_word' id='word_1_3' title='bbox 61 274 100 303; x_wconf 77' lang='lat'>³5</span> <span class='ocrx_word' id='word_1_4' title='bbox 127 270 266 302; x_wconf 75' lang='lat' dir='ltr'>Redeunt</span> <span class='ocrx_word' id='word_1_5' title='bbox 283 268 315 299; x_wconf 85' lang='lat' dir='ltr'>in</span> <span class='ocrx_word' id='word_1_6' title='bbox 330 265 444 297; x_wconf 79' lang='lat' dir='ltr'>semina</span> <span class='ocrx_word' id='word_1_7' title='bbox 459 259 586 298; x_wconf 78' lang='lat' dir='ltr'>caussae]</span> <span class='ocrx_word' id='word_1_8' title='bbox 603 257 717 288; x_wconf 86' lang='lat' dir='ltr'>Virtu-</span> 
     </span>
     <span class='ocr_line' id='line_1_3' title="bbox 18 307 714 354; baseline -0.029 1"><span class='ocrx_word' id='word_1_9' title='bbox 18 327 92 354; x_wconf 85' lang='lat' dir='ltr'>tum</span> <span class='ocrx_word' id='word_1_10' title='bbox 124 327 157 352; x_wconf 91' lang='lat' dir='ltr'>et</span> <span class='ocrx_word' id='word_1_11' title='bbox 195 318 329 350; x_wconf 88' lang='lat' dir='ltr'>laudum</span> <span class='ocrx_word' id='word_1_12' title='bbox 355 313 497 346; x_wconf 91' lang='lat' dir='ltr'>scilicet.</span> <span class='ocrx_word' id='word_1_13' title='bbox 529 307 714 340; x_wconf 76' lang='lat' dir='ltr'>Horatius:</span> 
     </span>
     <span class='ocr_line' id='line_1_4' title="bbox 19 359 717 405; baseline -0.027 1"><span class='ocrx_word' id='word_1_14' title='bbox 19 375 27 390; x_wconf 81' lang='lat'>¹</span> <span class='ocrx_word' id='word_1_15' title='bbox 47 374 168 405; x_wconf 78' lang='lat' dir='ltr'><strong>Fortes</strong></span> <span class='ocrx_word' id='word_1_16' title='bbox 184 374 342 402; x_wconf 81' lang='lat' dir='ltr'>creantur</span> <span class='ocrx_word' id='word_1_17' title='bbox 368 363 512 396; x_wconf 87' lang='lat' dir='ltr'>fortibus</span> <span class='ocrx_word' id='word_1_18' title='bbox 537 365 572 391; x_wconf 89' lang='lat' dir='ltr'>et</span> <span class='ocrx_word' id='word_1_19' title='bbox 597 359 717 396; x_wconf 92' lang='lat' dir='ltr'>bonis;</span> 
     </span>
     <span class='ocr_line' id='line_1_5' title="bbox 21 412 719 462; baseline -0.026 -6"><span class='ocrx_word' id='word_1_20' title='bbox 21 424 82 455; x_wconf 84' lang='lat' dir='ltr'>Est</span> <span class='ocrx_word' id='word_1_21' title='bbox 98 419 310 462; x_wconf 85' lang='lat' dir='ltr'>injuvencis,</span> <span class='ocrx_word' id='word_1_22' title='bbox 326 420 377 447; x_wconf 91' lang='lat' dir='ltr'>est</span> <span class='ocrx_word' id='word_1_23' title='bbox 402 415 435 445; x_wconf 92' lang='lat' dir='ltr'>in</span> <span class='ocrx_word' id='word_1_24' title='bbox 460 412 555 453; x_wconf 85' lang='lat' dir='ltr'>equis</span> <span class='ocrx_word' id='word_1_25' title='bbox 582 414 719 451; x_wconf 87' lang='lat' dir='ltr'>patrum</span> 
     </span>
     <span class='ocr_line' id='line_1_6' title="bbox 21 469 301 505; baseline -0.025 0"><span class='ocrx_word' id='word_1_26' title='bbox 21 472 160 505; x_wconf 57' lang='lat' dir='ltr'>Virtus?</span> <span class='ocrx_word' id='word_1_27' title='bbox 191 469 301 501; x_wconf 81' lang='lat' dir='ltr'><em>Barth.</em></span> 
     </span>
    </p>

    <p class='ocr_par' dir='ltr' id='par_1_3' title="bbox 22 509 720 656">
     <span class='ocr_line' id='line_1_7' title="bbox 64 509 720 559; baseline -0.021 -7"><span class='ocrx_word' id='word_1_28' title='bbox 64 525 102 553; x_wconf 85' lang='grc'>37</span> <span class='ocrx_word' id='word_1_29' title='bbox 119 517 261 559; x_wconf 77' lang='lat' dir='ltr'><strong><em>Regalis]</em></strong></span> <span class='ocrx_word' id='word_1_30' title='bbox 277 513 515 556; x_wconf 87' lang='lat' dir='ltr'>Imperatoria.</span> <span class='ocrx_word' id='word_1_31' title='bbox 533 512 618 542; x_wconf 89' lang='lat' dir='ltr'>Eum</span> <span class='ocrx_word' id='word_1_32' title='bbox 632 509 720 540; x_wconf 90' lang='lat' dir='ltr'>enim</span> 
     </span>
     <span class='ocr_line' id='line_1_8' title="bbox 22 560 720 612; baseline -0.02 -9"><span class='ocrx_word' id='word_1_33' title='bbox 22 573 150 612; x_wconf 80' lang='lat' dir='ltr'>Regem</span> <span class='ocrx_word' id='word_1_34' title='bbox 183 568 281 606; x_wconf 87' lang='lat' dir='ltr'>dicit,</span> <span class='ocrx_word' id='word_1_35' title='bbox 319 575 384 606; x_wconf 89' lang='lat' dir='ltr'>quo</span> <span class='ocrx_word' id='word_1_36' title='bbox 415 573 513 594; x_wconf 90' lang='lat' dir='ltr'>nemo</span> <span class='ocrx_word' id='word_1_37' title='bbox 545 560 720 601; x_wconf 85' lang='lat' dir='ltr'>Regalior.</span> 
     </span>
     <span class='ocr_line' id='line_1_9' title="bbox 23 615 487 656; baseline -0.024 -2"><span class='ocrx_word' id='word_1_38' title='bbox 23 622 213 653; x_wconf 80' lang='lat' dir='ltr'>Romanum</span> <span class='ocrx_word' id='word_1_39' title='bbox 231 626 365 656; x_wconf 85' lang='lat' dir='ltr'><strong>nempe.</strong></span> <span class='ocrx_word' id='word_1_40' title='bbox 390 615 487 645; x_wconf 83' lang='lat' dir='ltr'><strong><em>Idem.</em></strong></span> 
     </span>
    </p>

    <p class='ocr_par' dir='ltr' id='par_1_4' title="bbox 21 658 724 852">
     <span class='ocr_line' id='line_1_10' title="bbox 65 658 724 708; baseline -0.018 -7"><span class='ocrx_word' id='word_1_41' title='bbox 65 671 137 702; x_wconf 83' lang='lat' dir='ltr'>Non</span> <span class='ocrx_word' id='word_1_42' title='bbox 164 673 195 699; x_wconf 84' lang='lat' dir='ltr'>le</span> <span class='ocrx_word' id='word_1_43' title='bbox 223 665 363 708; x_wconf 79' lang='lat' dir='ltr'>privata]</span> <span class='ocrx_word' id='word_1_44' title='bbox 399 665 470 695; x_wconf 86' lang='lat' dir='ltr'>Non</span> <span class='ocrx_word' id='word_1_45' title='bbox 501 662 554 693; x_wconf 86' lang='lat' dir='ltr'>hoc</span> <span class='ocrx_word' id='word_1_46' title='bbox 581 658 724 701; x_wconf 87' lang='lat' dir='ltr'>Gyrald.</span> 
     </span>
     <span class='ocr_line' id='line_1_11' title="bbox 21 710 724 754; baseline -0.02 -1"><span class='ocrx_word' id='word_1_47' title='bbox 21 722 166 754; x_wconf 87' lang='lat' dir='ltr'>Lucens.</span> <span class='ocrx_word' id='word_1_48' title='bbox 184 722 219 750; x_wconf 85' lang='lat' dir='ltr'>et</span> <span class='ocrx_word' id='word_1_49' title='bbox 237 716 400 748; x_wconf 74' lang='lat' dir='ltr'>tredecim</span> <span class='ocrx_word' id='word_1_50' title='bbox 414 714 490 745; x_wconf 85' lang='lat' dir='ltr'>alii:</span> <span class='ocrx_word' id='word_1_51' title='bbox 517 722 607 742; x_wconf 86' lang='lat' dir='ltr'>vere.</span> <span class='ocrx_word' id='word_1_52' title='bbox 640 710 724 741; x_wconf 82' lang='lat' dir='ltr'>Mox</span> 
     </span>
     <span class='ocr_line' id='line_1_12' title="bbox 24 760 724 809; baseline -0.017 -7"><span class='ocrx_word' id='word_1_53' title='bbox 24 780 135 802; x_wconf 67' lang='lat' dir='ltr'>atamen</span> <span class='ocrx_word' id='word_1_54' title='bbox 162 778 222 809; x_wconf 92' lang='lat' dir='ltr'>pro</span> <span class='ocrx_word' id='word_1_55' title='bbox 247 776 354 798; x_wconf 80' lang='lat' dir='ltr'>nomen</span> <span class='ocrx_word' id='word_1_56' title='bbox 381 769 452 806; x_wconf 84' lang='lat' dir='ltr'>opt.</span> <span class='ocrx_word' id='word_1_57' title='bbox 483 762 639 794; x_wconf 73' lang='lat' dir='ltr'>Ambros.</span> <span class='ocrx_word' id='word_1_58' title='bbox 680 760 724 791; x_wconf 93' lang='lat' dir='ltr'>D.</span> 
     </span>
     <span class='ocr_line' id='line_1_13' title="bbox 28 821 141 852; baseline -0.018 0"><span class='ocrx_word' id='word_1_59' title='bbox 28 821 141 852; x_wconf 75' lang='lat' dir='ltr'>Heius.</span> 
     </span>
    </p>

    <p class='ocr_par' dir='ltr' id='par_1_5' title="bbox 25 863 728 1005">
     <span class='ocr_line' id='line_1_14' title="bbox 69 863 728 904; baseline -0.017 -3"><span class='ocrx_word' id='word_1_60' title='bbox 69 874 109 902; x_wconf 89' lang='grc'>38</span> <span class='ocrx_word' id='word_1_61' title='bbox 134 870 265 900; x_wconf 79' lang='lat' dir='ltr'>Tantum</span> <span class='ocrx_word' id='word_1_62' title='bbox 292 864 414 904; x_wconf 84' lang='lat' dir='ltr'>nomen]</span> <span class='ocrx_word' id='word_1_63' title='bbox 438 863 590 895; x_wconf 81' lang='lat' dir='ltr'>Foemina</span> <span class='ocrx_word' id='word_1_64' title='bbox 619 865 728 892; x_wconf 77' lang='lat' dir='ltr'>tanta-</span> 
     </span>
     <span class='ocr_line' id='line_1_15' title="bbox 27 916 728 954; baseline -0.016 -3"><span class='ocrx_word' id='word_1_65' title='bbox 27 930 101 951; x_wconf 87' lang='lat' dir='ltr'>rum</span> <span class='ocrx_word' id='word_1_66' title='bbox 119 920 293 949; x_wconf 88' lang='lat' dir='ltr'>virtutum.</span> <span class='ocrx_word' id='word_1_67' title='bbox 330 916 463 947; x_wconf 76' lang='lat' dir='ltr'>Nomen</span> <span class='ocrx_word' id='word_1_68' title='bbox 486 923 547 954; x_wconf 90' lang='lat' dir='ltr'>pro</span> <span class='ocrx_word' id='word_1_69' title='bbox 571 920 728 952; x_wconf 86' lang='lat' dir='ltr'>persona.</span> 
     </span>
     <span class='ocr_line' id='line_1_16' title="bbox 25 969 145 1005; baseline -0.008 -4"><span class='ocrx_word' id='word_1_70' title='bbox 25 969 145 1005; x_wconf 79' lang='lat' dir='ltr'>Barth.</span> 
     </span>
    </p>

    <p class='ocr_par' dir='ltr' id='par_1_6' title="bbox 26 1014 732 1206">
     <span class='ocr_line' id='line_1_17' title="bbox 69 1014 730 1054; baseline -0.018 -3"><span class='ocrx_word' id='word_1_71' title='bbox 69 1023 111 1051; x_wconf 79' lang='lat'>40</span> <span class='ocrx_word' id='word_1_72' title='bbox 135 1019 278 1049; x_wconf 75' lang='lat' dir='ltr'><em>Illustrat</em></span> <span class='ocrx_word' id='word_1_73' title='bbox 308 1014 397 1054; x_wconf 77' lang='lat' dir='ltr'>atus]</span> <span class='ocrx_word' id='word_1_74' title='bbox 435 1015 546 1046; x_wconf 87' lang='lat' dir='ltr'>Quem</span> <span class='ocrx_word' id='word_1_75' title='bbox 584 1019 730 1042; x_wconf 89' lang='lat' dir='ltr'>commu-</span> 
     </span>
     <span class='ocr_line' id='line_1_18' title="bbox 26 1060 732 1111; baseline -0.02 -8"><span class='ocrx_word' id='word_1_76' title='bbox 26 1080 106 1103; x_wconf 85' lang='lat' dir='ltr'>nem</span> <span class='ocrx_word' id='word_1_77' title='bbox 121 1073 297 1111; x_wconf 80' lang='lat' dir='ltr'>parentem</span> <span class='ocrx_word' id='word_1_78' title='bbox 314 1075 390 1097; x_wconf 90' lang='lat' dir='ltr'>cum</span> <span class='ocrx_word' id='word_1_79' title='bbox 413 1062 604 1095; x_wconf 81' lang='lat' dir='ltr'>Theodosio</span> <span class='ocrx_word' id='word_1_80' title='bbox 630 1060 732 1091; x_wconf 78' lang='lat' dir='ltr'>liabe-</span> 
     </span>
     <span class='ocr_line' id='line_1_19' title="bbox 29 1109 732 1158; baseline -0.018 -6"><span class='ocrx_word' id='word_1_81' title='bbox 29 1121 101 1158; x_wconf 86' lang='lat' dir='ltr'>bat,</span> <span class='ocrx_word' id='word_1_82' title='bbox 116 1118 212 1158; x_wconf 85' lang='lat' dir='ltr'>cujus</span> <span class='ocrx_word' id='word_1_83' title='bbox 228 1121 301 1148; x_wconf 86' lang='lat' dir='ltr'>erat</span> <span class='ocrx_word' id='word_1_84' title='bbox 322 1114 449 1154; x_wconf 85' lang='lat' dir='ltr'>fratris,</span> <span class='ocrx_word' id='word_1_85' title='bbox 474 1111 620 1144; x_wconf 87' lang='lat' dir='ltr'>Honorii</span> <span class='ocrx_word' id='word_1_86' title='bbox 637 1109 732 1140; x_wconf 90' lang='lat' dir='ltr'>uimi-</span> 
     </span>
     <span class='ocr_line' id='line_1_20' title="bbox 31 1165 497 1206; baseline -0.015 -5"><span class='ocrx_word' id='word_1_87' title='bbox 31 1179 104 1201; x_wconf 89' lang='lat' dir='ltr'>rum</span> <span class='ocrx_word' id='word_1_88' title='bbox 121 1167 282 1206; x_wconf 73' lang='lat' dir='ltr'>Senioris,</span> <span class='ocrx_word' id='word_1_89' title='bbox 294 1165 374 1196; x_wconf 82' lang='lat' dir='ltr'>tilia.</span> <span class='ocrx_word' id='word_1_90' title='bbox 398 1165 497 1195; x_wconf 87' lang='lat' dir='ltr'>Idem.</span> 
     </span>
    </p>

    <p class='ocr_par' dir='ltr' id='par_1_7' title="bbox 35 1210 737 1412">
     <span class='ocr_line' id='line_1_21' title="bbox 73 1210 734 1256; baseline -0.017 -5"><span class='ocrx_word' id='word_1_91' title='bbox 73 1223 114 1251; x_wconf 78' lang='lat'>43</span> <span class='ocrx_word' id='word_1_92' title='bbox 139 1219 261 1250; x_wconf 76' lang='lat' dir='ltr'>Dotata</span> <span class='ocrx_word' id='word_1_93' title='bbox 276 1214 415 1256; x_wconf 77' lang='lat' dir='ltr'>tropaeis]</span> <span class='ocrx_word' id='word_1_94' title='bbox 437 1214 478 1244; x_wconf 88' lang='lat' dir='ltr'>In</span> <span class='ocrx_word' id='word_1_95' title='bbox 503 1213 619 1244; x_wconf 86' lang='lat' dir='ltr'>dotem</span> <span class='ocrx_word' id='word_1_96' title='bbox 646 1210 734 1242; x_wconf 85' lang='lat' dir='ltr'>enim</span> 
     </span>
     <span class='ocr_line' id='line_1_22' title="bbox 35 1261 736 1314; baseline -0.017 -11"><span class='ocrx_word' id='word_1_97' title='bbox 35 1271 160 1314; x_wconf 81' lang='lat' dir='ltr'>puellae</span> <span class='ocrx_word' id='word_1_98' title='bbox 178 1279 239 1309; x_wconf 88' lang='lat' dir='ltr'>per</span> <span class='ocrx_word' id='word_1_99' title='bbox 257 1266 452 1307; x_wconf 88' lang='lat' dir='ltr'>superbiam</span> <span class='ocrx_word' id='word_1_100' title='bbox 476 1261 736 1304; x_wconf 87' lang='lat' dir='ltr'>computabant,</span> 
     </span>
     <span class='ocr_line' id='line_1_23' title="bbox 35 1312 737 1361; baseline -0.02 -7"><span class='ocrx_word' id='word_1_101' title='bbox 35 1323 69 1354; x_wconf 89' lang='lat' dir='ltr'>id</span> <span class='ocrx_word' id='word_1_102' title='bbox 86 1326 149 1361; x_wconf 85' lang='lat' dir='ltr'>est,</span> <span class='ocrx_word' id='word_1_103' title='bbox 169 1319 297 1351; x_wconf 86' lang='lat' dir='ltr'>maritis</span> <span class='ocrx_word' id='word_1_104' title='bbox 315 1327 376 1358; x_wconf 91' lang='lat' dir='ltr'>pro</span> <span class='ocrx_word' id='word_1_105' title='bbox 394 1315 505 1356; x_wconf 88' lang='lat' dir='ltr'>pretio</span> <span class='ocrx_word' id='word_1_106' title='bbox 520 1314 615 1344; x_wconf 88' lang='lat' dir='ltr'>velut</span> <span class='ocrx_word' id='word_1_107' title='bbox 629 1312 737 1352; x_wconf 85' lang='lat' dir='ltr'>impu-</span> 
     </span>
     <span class='ocr_line' id='line_1_24' title="bbox 37 1364 676 1412; baseline -0.019 -6"><span class='ocrx_word' id='word_1_108' title='bbox 37 1374 158 1406; x_wconf 78' lang='lat' dir='ltr'>tabant</span> <span class='ocrx_word' id='word_1_109' title='bbox 173 1376 333 1412; x_wconf 87' lang='lat' dir='ltr'>paternos</span> <span class='ocrx_word' id='word_1_110' title='bbox 355 1366 553 1407; x_wconf 86' lang='lat' dir='ltr'>triumphos.</span> <span class='ocrx_word' id='word_1_111' title='bbox 579 1364 676 1394; x_wconf 86' lang='lat' dir='ltr'>Idem.</span> 
     </span>
    </p>

    <p class='ocr_par' dir='ltr' id='par_1_8' title="bbox 38 1413 744 1619">
     <span class='ocr_line' id='line_1_25' title="bbox 79 1413 740 1462; baseline -0.021 -6"><span class='ocrx_word' id='word_1_112' title='bbox 79 1428 121 1457; x_wconf 72' lang='lat'>46</span> <span class='ocrx_word' id='word_1_113' title='bbox 147 1421 292 1462; x_wconf 81' lang='lat' dir='ltr'>Cingeris</span> <span class='ocrx_word' id='word_1_114' title='bbox 310 1418 461 1458; x_wconf 77' lang='lat' dir='ltr'><strong><em>excubiis]</em></strong></span> <span class='ocrx_word' id='word_1_115' title='bbox 486 1415 620 1446; x_wconf 75' lang='lat' dir='ltr'>Exutiis</span> <span class='ocrx_word' id='word_1_116' title='bbox 643 1413 740 1454; x_wconf 88' lang='lat' dir='ltr'>prim.</span> 
     </span>
     <span class='ocr_line' id='line_1_26' title="bbox 45 1464 744 1513; baseline -0.021 -6"><span class='ocrx_word' id='word_1_117' title='bbox 45 1476 154 1506; x_wconf 79' lang='lat' dir='ltr'>Vatic.</span> <span class='ocrx_word' id='word_1_118' title='bbox 169 1478 204 1504; x_wconf 91' lang='lat' dir='ltr'>et</span> <span class='ocrx_word' id='word_1_119' title='bbox 217 1477 289 1513; x_wconf 82' lang='lat' dir='ltr'>opt.</span> <span class='ocrx_word' id='word_1_120' title='bbox 304 1469 459 1500; x_wconf 87' lang='lat' dir='ltr'>Ambros.</span> <span class='ocrx_word' id='word_1_121' title='bbox 474 1466 560 1497; x_wconf 89' lang='lat' dir='ltr'>vidit</span> <span class='ocrx_word' id='word_1_122' title='bbox 572 1464 744 1495; x_wconf 86' lang='lat' dir='ltr'>Barthius.</span> 
     </span>
     <span class='ocr_line' id='line_1_27' title="bbox 38 1515 744 1558; baseline -0.023 -1"><span class='ocrx_word' id='word_1_123' title='bbox 38 1525 147 1558; x_wconf 85' lang='lat' dir='ltr'>Paulo</span> <span class='ocrx_word' id='word_1_124' title='bbox 172 1527 251 1554; x_wconf 89' lang='lat' dir='ltr'>ante</span> <span class='ocrx_word' id='word_1_125' title='bbox 275 1522 381 1551; x_wconf 81' lang='lat' dir='ltr'>laurus</span> <span class='ocrx_word' id='word_1_126' title='bbox 404 1517 517 1556; x_wconf 81' lang='lat' dir='ltr'>avitas,</span> <span class='ocrx_word' id='word_1_127' title='bbox 537 1523 605 1546; x_wconf 87' lang='lat' dir='ltr'>non</span> <span class='ocrx_word' id='word_1_128' title='bbox 631 1515 744 1551; x_wconf 83' lang='lat' dir='ltr'>lauros,</span> 
     </span>
     <span class='ocr_line' id='line_1_28' title="bbox 40 1568 435 1619; baseline -0.025 -11"><span class='ocrx_word' id='word_1_129' title='bbox 40 1576 105 1619; x_wconf 88' lang='lat' dir='ltr'>pri.</span> <span class='ocrx_word' id='word_1_130' title='bbox 118 1573 232 1605; x_wconf 74' lang='lat' dir='ltr'>Vatic.</span> <span class='ocrx_word' id='word_1_131' title='bbox 256 1572 301 1602; x_wconf 94' lang='lat' dir='ltr'>D.</span> <span class='ocrx_word' id='word_1_132' title='bbox 319 1568 435 1600; x_wconf 82' lang='lat' dir='ltr'>Heins.</span> 
     </span>
    </p>

    <p class='ocr_par' dir='ltr' id='par_1_9' title="bbox 42 1612 745 1710">
     <span class='ocr_line' id='line_1_29' title="bbox 84 1612 745 1662; baseline -0.021 -6"><span class='ocrx_word' id='word_1_133' title='bbox 84 1621 251 1662; x_wconf 76' lang='lat' dir='ltr'><strong><em>Excubiis]</em></strong></span> <span class='ocrx_word' id='word_1_134' title='bbox 297 1620 367 1652; x_wconf 89' lang='lat' dir='ltr'>Pro</span> <span class='ocrx_word' id='word_1_135' title='bbox 395 1619 547 1650; x_wconf 90' lang='lat' dir='ltr'>Romano</span> <span class='ocrx_word' id='word_1_136' title='bbox 582 1612 745 1654; x_wconf 89' lang='lat' dir='ltr'>Imperio.</span> 
     </span>
     <span class='ocr_line' id='line_1_30' title="bbox 42 1677 159 1710; baseline -0.026 0"><span class='ocrx_word' id='word_1_137' title='bbox 42 1677 159 1710; x_wconf 77' lang='lat' dir='ltr'>Barth.</span> 
     </span>
    </p>

    <p class='ocr_par' dir='ltr' id='par_1_10' title="bbox 46 1717 752 1972">
     <span class='ocr_line' id='line_1_31' title="bbox 86 1717 747 1759; baseline -0.021 0"><span class='ocrx_word' id='word_1_138' title='bbox 86 1730 128 1759; x_wconf 76' lang='grc'>48</span> <span class='ocrx_word' id='word_1_139' title='bbox 152 1726 291 1757; x_wconf 67' lang='lat' dir='ltr'>Addet-et</span> <span class='ocrx_word' id='word_1_140' title='bbox 306 1725 462 1753; x_wconf 78' lang='lat' dir='ltr'><strong><em>astrorum</em></strong></span> <span class='ocrx_word' id='word_1_141' title='bbox 484 1717 596 1758; x_wconf 85' lang='lat' dir='ltr'>radiis]</span> <span class='ocrx_word' id='word_1_142' title='bbox 630 1717 747 1747; x_wconf 83' lang='lat' dir='ltr'>Ederet</span> 
     </span>
     <span class='ocr_line' id='line_1_32' title="bbox 46 1767 749 1816; baseline -0.02 -7"><span class='ocrx_word' id='word_1_143' title='bbox 46 1788 90 1809; x_wconf 89' lang='lat' dir='ltr'>ex</span> <span class='ocrx_word' id='word_1_144' title='bbox 116 1776 315 1816; x_wconf 86' lang='lat' dir='ltr'>conjectura</span> <span class='ocrx_word' id='word_1_145' title='bbox 348 1771 422 1803; x_wconf 84' lang='lat' dir='ltr'>Viri</span> <span class='ocrx_word' id='word_1_146' title='bbox 452 1767 645 1811; x_wconf 87' lang='lat' dir='ltr'>politissimi</span> <span class='ocrx_word' id='word_1_147' title='bbox 666 1767 749 1797; x_wconf 89' lang='lat' dir='ltr'>Gas-</span> 
     </span>
     <span class='ocr_line' id='line_1_33' title="bbox 48 1816 750 1872; baseline -0.021 -11"><span class='ocrx_word' id='word_1_148' title='bbox 48 1829 140 1872; x_wconf 88' lang='lat' dir='ltr'>paris</span> <span class='ocrx_word' id='word_1_149' title='bbox 157 1825 314 1859; x_wconf 84' lang='lat' dir='ltr'>Gevartii</span> <span class='ocrx_word' id='word_1_150' title='bbox 332 1821 579 1864; x_wconf 88' lang='lat' dir='ltr'>reponendum,</span> <span class='ocrx_word' id='word_1_151' title='bbox 601 1822 641 1849; x_wconf 89' lang='lat' dir='ltr'>ut</span> <span class='ocrx_word' id='word_1_152' title='bbox 656 1816 750 1848; x_wconf 85' lang='lat' dir='ltr'>felici</span> 
     </span>
     <span class='ocr_line' id='line_1_34' title="bbox 49 1868 749 1912; baseline -0.023 0"><span class='ocrx_word' id='word_1_153' title='bbox 49 1879 159 1912; x_wconf 83' lang='lat' dir='ltr'>sidere</span> <span class='ocrx_word' id='word_1_154' title='bbox 175 1878 337 1909; x_wconf 84' lang='lat' dir='ltr'>Serenam</span> <span class='ocrx_word' id='word_1_155' title='bbox 359 1877 472 1904; x_wconf 87' lang='lat' dir='ltr'>natam</span> <span class='ocrx_word' id='word_1_156' title='bbox 493 1869 595 1901; x_wconf 83' lang='lat' dir='ltr'>fuisse</span> <span class='ocrx_word' id='word_1_157' title='bbox 612 1868 749 1898; x_wconf 88' lang='lat' dir='ltr'>innuat:</span> 
     </span>
     <span class='ocr_line' id='line_1_35' title="bbox 49 1917 752 1972; baseline -0.02 -9"><span class='ocrx_word' id='word_1_158' title='bbox 49 1936 150 1972; x_wconf 86' lang='lat' dir='ltr'>atque</span> <span class='ocrx_word' id='word_1_159' title='bbox 172 1929 220 1959; x_wconf 87' lang='lat' dir='ltr'>ita</span> <span class='ocrx_word' id='word_1_160' title='bbox 235 1925 414 1957; x_wconf 85' lang='lat' dir='ltr'>Palatinus</span> <span class='ocrx_word' id='word_1_161' title='bbox 431 1921 550 1954; x_wconf 85' lang='lat' dir='ltr'>codex.</span> <span class='ocrx_word' id='word_1_162' title='bbox 577 1920 622 1950; x_wconf 90' lang='lat' dir='ltr'>D.</span> <span class='ocrx_word' id='word_1_163' title='bbox 639 1917 752 1949; x_wconf 75' lang='lat' dir='ltr'>Heius.</span> 
     </span>
    </p>

    <p class='ocr_par' dir='ltr' id='par_1_11' title="bbox 52 1968 761 2274">
     <span class='ocr_line' id='line_1_36' title="bbox 94 1968 753 2011; baseline -0.02 0"><span class='ocrx_word' id='word_1_164' title='bbox 94 1980 231 2011; x_wconf 83' lang='lat' dir='ltr'>Adderet</span> <span class='ocrx_word' id='word_1_165' title='bbox 257 1980 411 2007; x_wconf 77' lang='lat' dir='ltr'><strong><em>astrorum</em></strong></span> <span class='ocrx_word' id='word_1_166' title='bbox 437 1971 550 2011; x_wconf 85' lang='lat' dir='ltr'>radiis]</span> <span class='ocrx_word' id='word_1_167' title='bbox 579 1968 753 2001; x_wconf 79' lang='lat' dir='ltr'>Sideribus</span> 
     </span>
     <span class='ocr_line' id='line_1_37' title="bbox 52 2018 754 2064; baseline -0.021 -1"><span class='ocrx_word' id='word_1_168' title='bbox 52 2030 181 2063; x_wconf 83' lang='lat' dir='ltr'>mundi.</span> <span class='ocrx_word' id='word_1_169' title='bbox 226 2027 303 2058; x_wconf 88' lang='lat' dir='ltr'>Hoc</span> <span class='ocrx_word' id='word_1_170' title='bbox 319 2029 384 2064; x_wconf 85' lang='lat' dir='ltr'>est,</span> <span class='ocrx_word' id='word_1_171' title='bbox 401 2021 598 2064; x_wconf 85' lang='lat' dir='ltr'>principalis</span> <span class='ocrx_word' id='word_1_172' title='bbox 615 2018 754 2050; x_wconf 85' lang='lat' dir='ltr'>familiae</span> 
     </span>
     <span class='ocr_line' id='line_1_38' title="bbox 56 2069 756 2122; baseline -0.02 -10"><span class='ocrx_word' id='word_1_173' title='bbox 56 2078 221 2122; x_wconf 87' lang='lat' dir='ltr'>personis.</span> <span class='ocrx_word' id='word_1_174' title='bbox 251 2077 382 2107; x_wconf 86' lang='lat' dir='ltr'>Tamen</span> <span class='ocrx_word' id='word_1_175' title='bbox 395 2080 594 2104; x_wconf 83' lang='lat' dir='ltr'>consensum</span> <span class='ocrx_word' id='word_1_176' title='bbox 609 2069 756 2100; x_wconf 86' lang='lat' dir='ltr'>siderum</span> 
     </span>
     <span class='ocr_line' id='line_1_39' title="bbox 57 2120 758 2173; baseline -0.019 -11"><span class='ocrx_word' id='word_1_177' title='bbox 57 2141 120 2173; x_wconf 86' lang='lat' dir='ltr'>per</span> <span class='ocrx_word' id='word_1_178' title='bbox 147 2128 374 2161; x_wconf 70' lang='lat' dir='ltr'>adulationem</span> <span class='ocrx_word' id='word_1_179' title='bbox 406 2124 533 2156; x_wconf 87' lang='lat' dir='ltr'>tamdiu</span> <span class='ocrx_word' id='word_1_180' title='bbox 571 2122 655 2153; x_wconf 88' lang='lat' dir='ltr'>dicit</span> <span class='ocrx_word' id='word_1_181' title='bbox 693 2120 758 2150; x_wconf 87' lang='lat' dir='ltr'>dis-</span> 
     </span>
     <span class='ocr_line' id='line_1_40' title="bbox 59 2170 759 2218; baseline -0.019 -6"><span class='ocrx_word' id='word_1_182' title='bbox 59 2180 177 2213; x_wconf 82' lang='lat' dir='ltr'>tulisse</span> <span class='ocrx_word' id='word_1_183' title='bbox 204 2177 390 2218; x_wconf 86' lang='lat' dir='ltr'>Imperium</span> <span class='ocrx_word' id='word_1_184' title='bbox 422 2175 470 2205; x_wconf 88' lang='lat' dir='ltr'>illi</span> <span class='ocrx_word' id='word_1_185' title='bbox 499 2172 636 2203; x_wconf 80' lang='lat' dir='ltr'>familiae</span> <span class='ocrx_word' id='word_1_186' title='bbox 665 2170 759 2209; x_wconf 89' lang='lat' dir='ltr'>dare,</span> 
     </span>
     <span class='ocr_line' id='line_1_41' title="bbox 59 2221 761 2274; baseline -0.02 -10"><span class='ocrx_word' id='word_1_187' title='bbox 59 2239 234 2274; x_wconf 86' lang='lat' dir='ltr'>quousque</span> <span class='ocrx_word' id='word_1_188' title='bbox 256 2231 455 2259; x_wconf 82' lang='lat' dir='ltr'>nasceretur</span> <span class='ocrx_word' id='word_1_189' title='bbox 476 2225 615 2255; x_wconf 82' lang='lat' dir='ltr'>Serena.</span> <span class='ocrx_word' id='word_1_190' title='bbox 643 2221 761 2252; x_wconf 80' lang='lat' dir='ltr'><strong><em>Barth.</em></strong></span> 
     </span>
    </p>

    <p class='ocr_par' dir='ltr' id='par_1_12' title="bbox 61 2271 766 2524">
     <span class='ocr_line' id='line_1_42' title="bbox 97 2271 762 2320; baseline -0.021 -6"><span class='ocrx_word' id='word_1_191' title='bbox 97 2285 140 2314; x_wconf 88' lang='grc'>49</span> <span class='ocrx_word' id='word_1_192' title='bbox 162 2282 238 2312; x_wconf 87' lang='lat' dir='ltr'>Post</span> <span class='ocrx_word' id='word_1_193' title='bbox 252 2279 394 2320; x_wconf 79' lang='lat' dir='ltr'>genitam</span> <span class='ocrx_word' id='word_1_194' title='bbox 407 2275 515 2307; x_wconf 75' lang='lat' dir='ltr'>didicit</span> <span class='ocrx_word' id='word_1_195' title='bbox 533 2271 678 2313; x_wconf 80' lang='lat' dir='ltr'>regnare]</span> <span class='ocrx_word' id='word_1_196' title='bbox 698 2272 762 2302; x_wconf 87' lang='lat' dir='ltr'>Pa-</span> 
     </span>
     <span class='ocr_line' id='line_1_43' title="bbox 61 2322 763 2366; baseline -0.02 -1"><span class='ocrx_word' id='word_1_197' title='bbox 61 2343 132 2366; x_wconf 86' lang='lat' dir='ltr'>rem</span> <span class='ocrx_word' id='word_1_198' title='bbox 144 2331 279 2363; x_wconf 85' lang='lat' dir='ltr'>laudem</span> <span class='ocrx_word' id='word_1_199' title='bbox 292 2328 438 2361; x_wconf 88' lang='lat' dir='ltr'>Arcadio</span> <span class='ocrx_word' id='word_1_200' title='bbox 453 2324 616 2358; x_wconf 85' lang='lat' dir='ltr'>adscribit</span> <span class='ocrx_word' id='word_1_201' title='bbox 628 2324 661 2354; x_wconf 88' lang='lat' dir='ltr'>in</span> <span class='ocrx_word' id='word_1_202' title='bbox 674 2322 763 2353; x_wconf 90' lang='lat' dir='ltr'>libro</span> 
     </span>
     <span class='ocr_line' id='line_1_44' title="bbox 66 2372 766 2422; baseline -0.019 -7"><span class='ocrx_word' id='word_1_203' title='bbox 66 2384 109 2415; x_wconf 91' lang='lat' dir='ltr'>de</span> <span class='ocrx_word' id='word_1_204' title='bbox 126 2383 245 2422; x_wconf 77' lang='lat' dir='ltr'>Regno</span> <span class='ocrx_word' id='word_1_205' title='bbox 269 2379 440 2421; x_wconf 79' lang='lat' dir='ltr'>synesius,</span> <span class='ocrx_word' id='word_1_206' title='bbox 464 2377 595 2408; x_wconf 83' lang='lat' dir='ltr'>scilicet</span> <span class='ocrx_word' id='word_1_207' title='bbox 622 2384 661 2405; x_wconf 89' lang='lat' dir='ltr'>eo</span> <span class='ocrx_word' id='word_1_208' title='bbox 693 2372 766 2403; x_wconf 89' lang='lat' dir='ltr'>feli-</span> 
     </span>
     <span class='ocr_line' id='line_1_45' title="bbox 68 2425 766 2470; baseline -0.014 -6"><span class='ocrx_word' id='word_1_209' title='bbox 68 2433 193 2464; x_wconf 91' lang='lat' dir='ltr'>ciorem</span> <span class='ocrx_word' id='word_1_210' title='bbox 218 2440 303 2469; x_wconf 85' lang='lat' dir='ltr'>esse,</span> <span class='ocrx_word' id='word_1_211' title='bbox 326 2429 414 2470; x_wconf 86' lang='lat' dir='ltr'>quod</span> <span class='ocrx_word' id='word_1_212' title='bbox 436 2428 547 2459; x_wconf 85' lang='lat' dir='ltr'>editus</span> <span class='ocrx_word' id='word_1_213' title='bbox 572 2425 663 2457; x_wconf 89' lang='lat' dir='ltr'>foret</span> <span class='ocrx_word' id='word_1_214' title='bbox 687 2428 766 2455; x_wconf 83' lang='lat' dir='ltr'>ante</span> 
     </span>
     <span class='ocr_line' id='line_1_46' title="bbox 70 2479 582 2524; baseline -0.012 -10"><span class='ocrx_word' id='word_1_215' title='bbox 70 2487 202 2524; x_wconf 87' lang='lat' dir='ltr'>patrem</span> <span class='ocrx_word' id='word_1_216' title='bbox 218 2482 459 2521; x_wconf 86' lang='lat' dir='ltr'>Imperantem.</span> <span class='ocrx_word' id='word_1_217' title='bbox 485 2479 582 2509; x_wconf 88' lang='lat' dir='ltr'>Idem.</span> 
     </span>
    </p>

    <p class='ocr_par' dir='ltr' id='par_1_13' title="bbox 72 2526 770 2665">
     <span class='ocr_line' id='line_1_47' title="bbox 114 2526 770 2570; baseline -0.011 -8"><span class='ocrx_word' id='word_1_218' title='bbox 114 2531 255 2570; x_wconf 78' lang='lat' dir='ltr'>Didicit]</span> <span class='ocrx_word' id='word_1_219' title='bbox 277 2531 412 2561; x_wconf 79' lang='lat' dir='ltr'>Iudicat</span> <span class='ocrx_word' id='word_1_220' title='bbox 425 2528 653 2560; x_wconf 82' lang='lat' dir='ltr'>Theodosium</span> <span class='ocrx_word' id='word_1_221' title='bbox 670 2526 770 2567; x_wconf 90' lang='lat' dir='ltr'>paulo</span> 
     </span>
     <span class='ocr_line' id='line_1_48' title="bbox 72 2577 770 2624; baseline -0.01 -11"><span class='ocrx_word' id='word_1_222' title='bbox 72 2586 149 2624; x_wconf 88' lang='lat' dir='ltr'>post</span> <span class='ocrx_word' id='word_1_223' title='bbox 165 2586 276 2611; x_wconf 88' lang='lat' dir='ltr'>natam</span> <span class='ocrx_word' id='word_1_224' title='bbox 293 2581 450 2610; x_wconf 86' lang='lat' dir='ltr'>Serenam</span> <span class='ocrx_word' id='word_1_225' title='bbox 477 2578 519 2609; x_wconf 85' lang='lat' dir='ltr'>ad</span> <span class='ocrx_word' id='word_1_226' title='bbox 544 2577 687 2616; x_wconf 86' lang='lat' dir='ltr'>Imperii</span> <span class='ocrx_word' id='word_1_227' title='bbox 711 2586 770 2616; x_wconf 88' lang='lat' dir='ltr'>gu·</span> 
     </span>
     <span class='ocr_line' id='line_1_49' title="bbox 72 2629 666 2665; baseline -0.01 -1"><span class='ocrx_word' id='word_1_228' title='bbox 72 2631 254 2665; x_wconf 85' lang='lat' dir='ltr'>bernacula</span> <span class='ocrx_word' id='word_1_229' title='bbox 272 2630 417 2660; x_wconf 78' lang='lat' dir='ltr'>accitum</span> <span class='ocrx_word' id='word_1_230' title='bbox 434 2638 518 2659; x_wconf 79' lang='lat' dir='ltr'>esse.</span> <span class='ocrx_word' id='word_1_231' title='bbox 544 2629 666 2658; x_wconf 77' lang='lat' dir='ltr'>Claver.</span> 
     </span>
    </p>

    <p class='ocr_par' dir='ltr' id='par_1_14' title="bbox 75 2676 775 2774">
     <span class='ocr_line' id='line_1_50' title="bbox 117 2676 772 2720; baseline -0.011 -7"><span class='ocrx_word' id='word_1_232' title='bbox 117 2684 158 2713; x_wconf 88' lang='grc'>50</span> <span class='ocrx_word' id='word_1_233' title='bbox 183 2679 354 2720; x_wconf 82' lang='lat' dir='ltr'>Hispania]</span> <span class='ocrx_word' id='word_1_234' title='bbox 375 2678 503 2709; x_wconf 87' lang='lat' dir='ltr'>Iisdem</span> <span class='ocrx_word' id='word_1_235' title='bbox 529 2676 630 2707; x_wconf 86' lang='lat' dir='ltr'>rebus</span> <span class='ocrx_word' id='word_1_236' title='bbox 660 2676 772 2707; x_wconf 83' lang='lat' dir='ltr'>lauda-</span> 
     </span>
     <span class='ocr_line' id='line_1_51' title="bbox 75 2728 775 2774; baseline -0.011 -8"><span class='ocrx_word' id='word_1_237' title='bbox 75 2738 147 2766; x_wconf 83' lang='lat' dir='ltr'>tam</span> <span class='ocrx_word' id='word_1_238' title='bbox 163 2731 362 2774; x_wconf 80' lang='lat' dir='ltr'>Hispaniam</span> <span class='ocrx_word' id='word_1_239' title='bbox 379 2729 479 2762; x_wconf 83' lang='lat' dir='ltr'>habes</span> <span class='ocrx_word' id='word_1_240' title='bbox 500 2729 535 2760; x_wconf 90' lang='lat' dir='ltr'>in</span> <span class='ocrx_word' id='word_1_241' title='bbox 558 2728 775 2768; x_wconf 71' lang='lat' dir='ltr'>Panegyrico</span> 
     </span>
    </p>
   </div>
   <div class='ocr_carea' id='block_1_3' title="bbox 1354 143 1469 184">
    <p class='ocr_par' dir='ltr' id='par_1_15' title="bbox 1354 143 1469 184">
     <span class='ocr_line' id='line_1_52' title="bbox 1354 143 1469 184; baseline 0 0"><span class='ocrx_word' id='word_1_242' title='bbox 1354 143 1469 184; x_wconf 82' lang='lat'>1605</span> 
     </span>
    </p>
   </div>
   <div class='ocr_carea' id='block_1_4' title="bbox 766 246 1528 2764">
    <p class='ocr_par' dir='ltr' id='par_1_16' title="bbox 766 246 1470 334">
     <span class='ocr_line' id='line_1_53' title="bbox 766 246 1470 287; baseline -0.01 -1"><span class='ocrx_word' id='word_1_243' title='bbox 766 254 900 286; x_wconf 77' lang='lat' dir='ltr'>Pacati.</span> <span class='ocrx_word' id='word_1_244' title='bbox 924 251 1012 283; x_wconf 84' lang='lat' dir='ltr'>Vide</span> <span class='ocrx_word' id='word_1_245' title='bbox 1030 254 1065 281; x_wconf 84' lang='lat' dir='ltr'>et</span> <span class='ocrx_word' id='word_1_246' title='bbox 1077 246 1360 287; x_wconf 72' lang='lat' dir='ltr'>Justin11m,nbro</span> <span class='ocrx_word' id='word_1_247' title='bbox 1374 255 1470 279; x_wconf 79' lang='lat' dir='ltr'>xuv.</span> 
     </span>
     <span class='ocr_line' id='line_1_54' title="bbox 769 303 888 334; baseline -0.008 0"><span class='ocrx_word' id='word_1_248' title='bbox 769 303 888 334; x_wconf 80' lang='lat' dir='ltr'>Barth.</span> 
     </span>
    </p>

    <p class='ocr_par' dir='ltr' id='par_1_17' title="bbox 767 348 1476 536">
     <span class='ocr_line' id='line_1_55' title="bbox 810 348 1473 392; baseline -0.011 -9"><span class='ocrx_word' id='word_1_249' title='bbox 810 351 992 392; x_wconf 81' lang='lat' dir='ltr'>Hispanioe]</span> <span class='ocrx_word' id='word_1_250' title='bbox 1010 351 1091 391; x_wconf 83' lang='lat' dir='ltr'>Ejus</span> <span class='ocrx_word' id='word_1_251' title='bbox 1107 358 1187 380; x_wconf 87' lang='lat' dir='ltr'>sane</span> <span class='ocrx_word' id='word_1_252' title='bbox 1202 348 1276 378; x_wconf 90' lang='lat' dir='ltr'>laus</span> <span class='ocrx_word' id='word_1_253' title='bbox 1292 350 1473 387; x_wconf 88' lang='lat' dir='ltr'>perpetua,</span> 
     </span>
     <span class='ocr_line' id='line_1_56' title="bbox 768 395 1473 446; baseline -0.016 -10"><span class='ocrx_word' id='word_1_254' title='bbox 768 404 855 446; x_wconf 89' lang='lat' dir='ltr'>quod</span> <span class='ocrx_word' id='word_1_255' title='bbox 871 404 976 434; x_wconf 89' lang='lat' dir='ltr'>bonos</span> <span class='ocrx_word' id='word_1_256' title='bbox 993 401 1166 442; x_wconf 85' lang='lat' dir='ltr'>principes</span> <span class='ocrx_word' id='word_1_257' title='bbox 1179 397 1302 429; x_wconf 87' lang='lat' dir='ltr'>mundo</span> <span class='ocrx_word' id='word_1_258' title='bbox 1318 395 1473 437; x_wconf 82' lang='lat' dir='ltr'>praebue-</span> 
     </span>
     <span class='ocr_line' id='line_1_57' title="bbox 770 446 1476 496; baseline -0.016 -10"><span class='ocrx_word' id='word_1_259' title='bbox 770 456 826 494; x_wconf 84' lang='lat' dir='ltr'>rit,</span> <span class='ocrx_word' id='word_1_260' title='bbox 842 454 956 496; x_wconf 85' lang='lat' dir='ltr'>quales</span> <span class='ocrx_word' id='word_1_261' title='bbox 970 453 1066 484; x_wconf 87' lang='lat' dir='ltr'>fuere</span> <span class='ocrx_word' id='word_1_262' title='bbox 1081 450 1258 491; x_wconf 84' lang='lat' dir='ltr'>Trajauus,</span> <span class='ocrx_word' id='word_1_263' title='bbox 1269 446 1476 485; x_wconf 78' lang='lat' dir='ltr'>Hadrianus,</span> 
     </span>
     <span class='ocr_line' id='line_1_58' title="bbox 767 502 1136 536; baseline -0.016 0"><span class='ocrx_word' id='word_1_264' title='bbox 767 503 987 536; x_wconf 86' lang='lat' dir='ltr'>Theodosius.</span> <span class='ocrx_word' id='word_1_265' title='bbox 1015 502 1136 531; x_wconf 76' lang='lat' dir='ltr'>Clater.</span> 
     </span>
    </p>

    <p class='ocr_par' dir='ltr' id='par_1_18' title="bbox 772 546 1480 748">
     <span class='ocr_line' id='line_1_59' title="bbox 813 546 1476 590; baseline -0.015 -4"><span class='ocrx_word' id='word_1_266' title='bbox 813 558 852 586; x_wconf 87' lang='lat'>51</span> <span class='ocrx_word' id='word_1_267' title='bbox 880 554 988 585; x_wconf 86' lang='lat' dir='ltr'>Primo</span> <span class='ocrx_word' id='word_1_268' title='bbox 1012 553 1093 583; x_wconf 75' lang='lat' dir='ltr'>lavat</span> <span class='ocrx_word' id='word_1_269' title='bbox 1110 559 1231 590; x_wconf 72' lang='lat' dir='ltr'>(equore</span> <span class='ocrx_word' id='word_1_270' title='bbox 1245 546 1353 587; x_wconf 86' lang='lat' dir='ltr'>solem]</span> <span class='ocrx_word' id='word_1_271' title='bbox 1376 546 1476 577; x_wconf 72' lang='lat' dir='ltr'>Levat</span> 
     </span>
     <span class='ocr_line' id='line_1_60' title="bbox 772 596 1476 646; baseline -0.017 -9"><span class='ocrx_word' id='word_1_272' title='bbox 772 606 896 646; x_wconf 85' lang='lat' dir='ltr'>Isiugr.</span> <span class='ocrx_word' id='word_1_273' title='bbox 914 604 1013 645; x_wconf 88' lang='lat' dir='ltr'>prim.</span> <span class='ocrx_word' id='word_1_274' title='bbox 1029 603 1108 632; x_wconf 81' lang='lat' dir='ltr'>Vat.</span> <span class='ocrx_word' id='word_1_275' title='bbox 1125 610 1200 631; x_wconf 88' lang='lat' dir='ltr'>cum</span> <span class='ocrx_word' id='word_1_276' title='bbox 1215 598 1359 640; x_wconf 89' lang='lat' dir='ltr'>quinque</span> <span class='ocrx_word' id='word_1_277' title='bbox 1383 596 1476 627; x_wconf 82' lang='lat' dir='ltr'>aliis:</span> 
     </span>
     <span class='ocr_line' id='line_1_61' title="bbox 774 645 1480 689; baseline -0.017 -1"><span class='ocrx_word' id='word_1_278' title='bbox 774 657 900 688; x_wconf 84' lang='lat' dir='ltr'>dictum</span> <span class='ocrx_word' id='word_1_279' title='bbox 928 654 984 685; x_wconf 88' lang='lat' dir='ltr'>lib.</span> <span class='ocrx_word' id='word_1_280' title='bbox 1009 662 1049 684; x_wconf 90' lang='lat'>11.</span> <span class='ocrx_word' id='word_1_281' title='bbox 1077 652 1109 682; x_wconf 87' lang='lat' dir='ltr'>iu</span> <span class='ocrx_word' id='word_1_282' title='bbox 1131 651 1277 689; x_wconf 86' lang='lat' dir='ltr'>Eutrop.</span> <span class='ocrx_word' id='word_1_283' title='bbox 1296 650 1370 678; x_wconf 72' lang='lat'>241.</span> <span class='ocrx_word' id='word_1_284' title='bbox 1392 645 1480 677; x_wconf 85' lang='lat' dir='ltr'>malo</span> 
     </span>
     <span class='ocr_line' id='line_1_62' title="bbox 775 701 1178 748; baseline -0.017 -10"><span class='ocrx_word' id='word_1_285' title='bbox 775 712 810 738; x_wconf 88' lang='lat' dir='ltr'>et</span> <span class='ocrx_word' id='word_1_286' title='bbox 823 707 969 748; x_wconf 84' lang='lat' dir='ltr'>primum.</span> <span class='ocrx_word' id='word_1_287' title='bbox 994 704 1039 734; x_wconf 91' lang='lat' dir='ltr'>D.</span> <span class='ocrx_word' id='word_1_288' title='bbox 1058 701 1178 733; x_wconf 71' lang='lat' dir='ltr'>Heius.</span> 
     </span>
    </p>

    <p class='ocr_par' dir='ltr' id='par_1_19' title="bbox 777 745 1483 891">
     <span class='ocr_line' id='line_1_63' title="bbox 819 745 1483 794; baseline -0.02 -6"><span class='ocrx_word' id='word_1_289' title='bbox 819 760 858 788; x_wconf 80' lang='lat'>53</span> <span class='ocrx_word' id='word_1_290' title='bbox 897 756 960 787; x_wconf 85' lang='lat' dir='ltr'>Tuo</span> <span class='ocrx_word' id='word_1_291' title='bbox 982 752 1102 794; x_wconf 83' lang='lat' dir='ltr'>fluctu]</span> <span class='ocrx_word' id='word_1_292' title='bbox 1144 751 1223 781; x_wconf 83' lang='lat' dir='ltr'>Tuos</span> <span class='ocrx_word' id='word_1_293' title='bbox 1253 749 1372 790; x_wconf 82' lang='lat' dir='ltr'>flnctus</span> <span class='ocrx_word' id='word_1_294' title='bbox 1402 745 1483 777; x_wconf 90' lang='lat' dir='ltr'>libri</span> 
     </span>
     <span class='ocr_line' id='line_1_64' title="bbox 777 796 1483 849; baseline -0.02 -9"><span class='ocrx_word' id='word_1_295' title='bbox 777 807 954 849; x_wconf 85' lang='lat' dir='ltr'>plerique:</span> <span class='ocrx_word' id='word_1_296' title='bbox 980 805 1079 836; x_wconf 86' lang='lat' dir='ltr'>aliter</span> <span class='ocrx_word' id='word_1_297' title='bbox 1103 807 1216 833; x_wconf 90' lang='lat' dir='ltr'>tamen</span> <span class='ocrx_word' id='word_1_298' title='bbox 1241 800 1340 841; x_wconf 87' lang='lat' dir='ltr'>prim.</span> <span class='ocrx_word' id='word_1_299' title='bbox 1365 796 1483 828; x_wconf 82' lang='lat' dir='ltr'>Vatic.</span> 
     </span>
     <span class='ocr_line' id='line_1_65' title="bbox 780 861 880 891; baseline -0.02 0"><span class='ocrx_word' id='word_1_300' title='bbox 780 861 880 891; x_wconf 87' lang='lat' dir='ltr'>Idem.</span> 
     </span>
    </p>

    <p class='ocr_par' dir='ltr' id='par_1_20' title="bbox 780 898 1483 998">
     <span class='ocr_line' id='line_1_66' title="bbox 821 898 1483 942; baseline -0.02 -2"><span class='ocrx_word' id='word_1_301' title='bbox 821 913 863 940; x_wconf 67' lang='lat'>54</span> <span class='ocrx_word' id='word_1_302' title='bbox 887 907 1032 938; x_wconf 79' lang='lat' dir='ltr'>Pretiosa</span> <span class='ocrx_word' id='word_1_303' title='bbox 1045 902 1195 942; x_wconf 82' lang='lat' dir='ltr'>metallis]</span> <span class='ocrx_word' id='word_1_304' title='bbox 1210 898 1394 941; x_wconf 81' lang='lat' dir='ltr'>Singularis</span> <span class='ocrx_word' id='word_1_305' title='bbox 1410 898 1483 929; x_wconf 85' lang='lat' dir='ltr'>laus</span> 
     </span>
     <span class='ocr_line' id='line_1_67' title="bbox 780 955 1112 998; baseline -0.018 -8"><span class='ocrx_word' id='word_1_306' title='bbox 780 958 970 998; x_wconf 86' lang='lat' dir='ltr'>Hispaniae.</span> <span class='ocrx_word' id='word_1_307' title='bbox 994 955 1112 986; x_wconf 82' lang='lat' dir='ltr'>Barth.</span> 
     </span>
    </p>

    <p class='ocr_par' dir='ltr' id='par_1_21' title="bbox 782 999 1490 1146">
     <span class='ocr_line' id='line_1_68' title="bbox 826 999 1490 1045; baseline -0.014 -7"><span class='ocrx_word' id='word_1_308' title='bbox 826 1012 866 1039; x_wconf 89' lang='lat'>55</span> <span class='ocrx_word' id='word_1_309' title='bbox 887 1001 1257 1045; x_wconf 79' lang='lat' dir='ltr'>Principibussaecunda]</span> <span class='ocrx_word' id='word_1_310' title='bbox 1275 1001 1423 1031; x_wconf 89' lang='lat' dir='ltr'>Pulchre</span> <span class='ocrx_word' id='word_1_311' title='bbox 1441 999 1490 1029; x_wconf 92' lang='lat' dir='ltr'>in-</span> 
     </span>
     <span class='ocr_line' id='line_1_69' title="bbox 782 1049 1489 1092; baseline -0.016 -2"><span class='ocrx_word' id='word_1_312' title='bbox 782 1058 855 1090; x_wconf 84' lang='lat' dir='ltr'>fra:</span> <span class='ocrx_word' id='word_1_313' title='bbox 880 1058 888 1073; x_wconf 86' lang='lat'>‘</span> <span class='ocrx_word' id='word_1_314' title='bbox 917 1066 1042 1087; x_wconf 80' lang='lat' dir='ltr'>novum</span> <span class='ocrx_word' id='word_1_315' title='bbox 1070 1053 1218 1092; x_wconf 85' lang='lat' dir='ltr'>vectigal</span> <span class='ocrx_word' id='word_1_316' title='bbox 1245 1051 1357 1082; x_wconf 84' lang='lat' dir='ltr'>Iberia</span> <span class='ocrx_word' id='word_1_317' title='bbox 1388 1049 1489 1081; x_wconf 83' lang='lat' dir='ltr'>rebus</span> 
     </span>
     <span class='ocr_line' id='line_1_70' title="bbox 783 1102 1292 1146; baseline -0.018 -6"><span class='ocrx_word' id='word_1_318' title='bbox 783 1107 949 1146; x_wconf 80' lang='lat' dir='ltr'>Contulit,</span> <span class='ocrx_word' id='word_1_319' title='bbox 966 1102 1165 1145; x_wconf 62' lang='lat' dir='ltr'>Augustosss</span> <span class='ocrx_word' id='word_1_320' title='bbox 1191 1102 1292 1132; x_wconf 86' lang='lat' dir='ltr'>Idem.</span> 
     </span>
    </p>

    <p class='ocr_par' dir='ltr' id='par_1_22' title="bbox 785 1151 1493 1350">
     <span class='ocr_line' id='line_1_71' title="bbox 827 1151 1493 1194; baseline -0.014 -5"><span class='ocrx_word' id='word_1_321' title='bbox 827 1162 866 1189; x_wconf 85' lang='lat'>57</span> <span class='ocrx_word' id='word_1_322' title='bbox 886 1157 973 1188; x_wconf 82' lang='lat' dir='ltr'>Hinc</span> <span class='ocrx_word' id='word_1_323' title='bbox 988 1155 1091 1187; x_wconf 85' lang='lat' dir='ltr'>senior</span> <span class='ocrx_word' id='word_1_324' title='bbox 1103 1152 1207 1194; x_wconf 85' lang='lat' dir='ltr'>pater]</span> <span class='ocrx_word' id='word_1_325' title='bbox 1224 1152 1376 1192; x_wconf 82' lang='lat' dir='ltr'>Majores</span> <span class='ocrx_word' id='word_1_326' title='bbox 1387 1151 1493 1181; x_wconf 84' lang='lat' dir='ltr'>Theo-</span> 
     </span>
     <span class='ocr_line' id='line_1_72' title="bbox 785 1201 1491 1245; baseline -0.016 -4"><span class='ocrx_word' id='word_1_327' title='bbox 785 1209 873 1240; x_wconf 89' lang='lat' dir='ltr'>dosii</span> <span class='ocrx_word' id='word_1_328' title='bbox 900 1207 1033 1239; x_wconf 88' lang='lat' dir='ltr'>occulte</span> <span class='ocrx_word' id='word_1_329' title='bbox 1059 1205 1159 1245; x_wconf 88' lang='lat' dir='ltr'>stirpi</span> <span class='ocrx_word' id='word_1_330' title='bbox 1186 1203 1283 1235; x_wconf 83' lang='lat' dir='ltr'>AEliae</span> <span class='ocrx_word' id='word_1_331' title='bbox 1309 1201 1491 1233; x_wconf 87' lang='lat' dir='ltr'>admovere</span> 
     </span>
     <span class='ocr_line' id='line_1_73' title="bbox 786 1251 1492 1295; baseline -0.011 -6"><span class='ocrx_word' id='word_1_332' title='bbox 786 1258 935 1289; x_wconf 84' lang='lat' dir='ltr'>videtur.</span> <span class='ocrx_word' id='word_1_333' title='bbox 982 1256 1013 1287; x_wconf 83' lang='lat' dir='ltr'><strong>A</strong></span> <span class='ocrx_word' id='word_1_334' title='bbox 1036 1255 1181 1295; x_wconf 85' lang='lat' dir='ltr'>Trajano</span> <span class='ocrx_word' id='word_1_335' title='bbox 1209 1254 1298 1284; x_wconf 91' lang='lat' dir='ltr'>enim</span> <span class='ocrx_word' id='word_1_336' title='bbox 1326 1251 1492 1292; x_wconf 85' lang='lat' dir='ltr'>originem</span> 
     </span>
     <span class='ocr_line' id='line_1_74' title="bbox 789 1303 1327 1350; baseline -0.013 -10"><span class='ocrx_word' id='word_1_337' title='bbox 789 1308 973 1350; x_wconf 83' lang='lat' dir='ltr'>repetebat</span> <span class='ocrx_word' id='word_1_338' title='bbox 987 1304 1204 1337; x_wconf 88' lang='lat' dir='ltr'>Theodosius.</span> <span class='ocrx_word' id='word_1_339' title='bbox 1228 1303 1327 1334; x_wconf 85' lang='lat' dir='ltr'>Idem.</span> 
     </span>
    </p>

    <p class='ocr_par' dir='ltr' id='par_1_23' title="bbox 792 1350 1497 1498">
     <span class='ocr_line' id='line_1_75' title="bbox 833 1350 1497 1393; baseline -0.011 -5"><span class='ocrx_word' id='word_1_340' title='bbox 833 1362 874 1388; x_wconf 76' lang='lat'>60</span> <span class='ocrx_word' id='word_1_341' title='bbox 900 1357 1029 1388; x_wconf 73' lang='lat' dir='ltr'>Pharia&gt;</span> <span class='ocrx_word' id='word_1_342' title='bbox 1051 1358 1168 1393; x_wconf 75' lang='lat' dir='ltr'>segetes</span> <span class='ocrx_word' id='word_1_343' title='bbox 1195 1357 1223 1384; x_wconf 88' lang='lat' dir='ltr'>et</span> <span class='ocrx_word' id='word_1_344' title='bbox 1249 1352 1355 1383; x_wconf 81' lang='lat' dir='ltr'>tunica</span> <span class='ocrx_word' id='word_1_345' title='bbox 1378 1350 1497 1390; x_wconf 85' lang='lat' dir='ltr'>messis]</span> 
     </span>
     <span class='ocr_line' id='line_1_76' title="bbox 792 1401 1497 1446; baseline -0.013 -6"><span class='ocrx_word' id='word_1_346' title='bbox 792 1409 928 1440; x_wconf 86' lang='lat' dir='ltr'>Horrea</span> <span class='ocrx_word' id='word_1_347' title='bbox 967 1405 1093 1446; x_wconf 71' lang='lat' dir='ltr'>Populi</span> <span class='ocrx_word' id='word_1_348' title='bbox 1135 1402 1279 1435; x_wconf 88' lang='lat' dir='ltr'>Romani</span> <span class='ocrx_word' id='word_1_349' title='bbox 1309 1401 1431 1433; x_wconf 80' lang='lat' dir='ltr'>Africa</span> <span class='ocrx_word' id='word_1_350' title='bbox 1460 1406 1497 1432; x_wconf 87' lang='lat' dir='ltr'>et</span> 
     </span>
     <span class='ocr_line' id='line_1_77' title="bbox 792 1457 1095 1498; baseline -0.017 -8"><span class='ocrx_word' id='word_1_351' title='bbox 792 1458 973 1498; x_wconf 83' lang='lat' dir='ltr'>AEgyptus.</span> <span class='ocrx_word' id='word_1_352' title='bbox 998 1457 1095 1486; x_wconf 84' lang='lat' dir='ltr'>Idem.</span> 
     </span>
    </p>

    <p class='ocr_par' dir='ltr' id='par_1_24' title="bbox 795 1501 1498 1590">
     <span class='ocr_line' id='line_1_78' title="bbox 836 1501 1498 1543; baseline -0.009 -5"><span class='ocrx_word' id='word_1_353' title='bbox 836 1511 876 1539; x_wconf 89' lang='grc'>61</span> <span class='ocrx_word' id='word_1_354' title='bbox 904 1507 1013 1537; x_wconf 83' lang='lat' dir='ltr'>Gallia</span> <span class='ocrx_word' id='word_1_355' title='bbox 1028 1505 1120 1535; x_wconf 82' lang='lat' dir='ltr'>robur</span> <span class='ocrx_word' id='word_1_356' title='bbox 1133 1503 1261 1543; x_wconf 83' lang='lat' dir='ltr'>militis]</span> <span class='ocrx_word' id='word_1_357' title='bbox 1280 1501 1498 1534; x_wconf 76' lang='lat' dir='ltr'>Fortitudine</span> 
     </span>
     <span class='ocr_line' id='line_1_79' title="bbox 795 1554 1325 1590; baseline -0.015 1"><span class='ocrx_word' id='word_1_358' title='bbox 795 1559 884 1590; x_wconf 92' lang='lat' dir='ltr'>enim</span> <span class='ocrx_word' id='word_1_359' title='bbox 899 1557 991 1589; x_wconf 88' lang='lat' dir='ltr'>Galli</span> <span class='ocrx_word' id='word_1_360' title='bbox 1007 1559 1202 1587; x_wconf 82' lang='lat' dir='ltr'>censentur.</span> <span class='ocrx_word' id='word_1_361' title='bbox 1228 1554 1325 1584; x_wconf 78' lang='lat' dir='ltr'>Idem.</span> 
     </span>
    </p>

    <p class='ocr_par' dir='ltr' id='par_1_25' title="bbox 799 1602 1502 1693">
     <span class='ocr_line' id='line_1_80' title="bbox 840 1602 1502 1646; baseline -0.015 -5"><span class='ocrx_word' id='word_1_362' title='bbox 840 1612 881 1641; x_wconf 79' lang='lat'>62</span> <span class='ocrx_word' id='word_1_363' title='bbox 906 1607 1026 1639; x_wconf 85' lang='lat' dir='ltr'>Militis</span> <span class='ocrx_word' id='word_1_364' title='bbox 1053 1605 1204 1646; x_wconf 82' lang='lat' dir='ltr'>Illyricis]</span> <span class='ocrx_word' id='word_1_365' title='bbox 1235 1604 1325 1634; x_wconf 91' lang='lat' dir='ltr'>Puto</span> <span class='ocrx_word' id='word_1_366' title='bbox 1352 1602 1502 1642; x_wconf 81' lang='lat' dir='ltr'>Illyricoe.</span> 
     </span>
     <span class='ocr_line' id='line_1_81' title="bbox 799 1659 983 1693; baseline -0.033 1"><span class='ocrx_word' id='word_1_367' title='bbox 799 1663 844 1693; x_wconf 91' lang='lat' dir='ltr'>D.</span> <span class='ocrx_word' id='word_1_368' title='bbox 861 1659 983 1691; x_wconf 80' lang='lat' dir='ltr'>Heius.</span> 
     </span>
    </p>

    <p class='ocr_par' dir='ltr' id='par_1_26' title="bbox 801 1703 1505 1845">
     <span class='ocr_line' id='line_1_82' title="bbox 844 1703 1503 1750; baseline -0.012 -9"><span class='ocrx_word' id='word_1_369' title='bbox 844 1709 982 1750; x_wconf 84' lang='lat' dir='ltr'>Illyricis</span> <span class='ocrx_word' id='word_1_370' title='bbox 1007 1704 1210 1747; x_wconf 77' lang='lat' dir='ltr'>equitatibus]</span> <span class='ocrx_word' id='word_1_371' title='bbox 1234 1703 1335 1735; x_wconf 86' lang='lat' dir='ltr'>Nunc</span> <span class='ocrx_word' id='word_1_372' title='bbox 1367 1712 1503 1744; x_wconf 85' lang='lat' dir='ltr'>quoque</span> 
     </span>
     <span class='ocr_line' id='line_1_83' title="bbox 801 1754 1505 1804; baseline -0.013 -9"><span class='ocrx_word' id='word_1_373' title='bbox 801 1761 969 1804; x_wconf 86' lang='lat' dir='ltr'>equestris</span> <span class='ocrx_word' id='word_1_374' title='bbox 995 1759 1103 1800; x_wconf 88' lang='lat' dir='ltr'>gloria</span> <span class='ocrx_word' id='word_1_375' title='bbox 1130 1765 1235 1798; x_wconf 88' lang='lat' dir='ltr'>penes</span> <span class='ocrx_word' id='word_1_376' title='bbox 1260 1764 1316 1786; x_wconf 85' lang='lat' dir='ltr'>eas</span> <span class='ocrx_word' id='word_1_377' title='bbox 1339 1754 1505 1786; x_wconf 84' lang='lat' dir='ltr'>nationes.</span> 
     </span>
     <span class='ocr_line' id='line_1_84' title="bbox 802 1813 919 1845; baseline -0.026 0"><span class='ocrx_word' id='word_1_378' title='bbox 802 1813 919 1845; x_wconf 82' lang='lat' dir='ltr'>Barth.</span> 
     </span>
    </p>

    <p class='ocr_par' dir='ltr' id='par_1_27' title="bbox 803 1854 1512 1996">
     <span class='ocr_line' id='line_1_85' title="bbox 845 1854 1510 1897; baseline -0.015 -3"><span class='ocrx_word' id='word_1_379' title='bbox 845 1865 887 1894; x_wconf 81' lang='lat'>69</span> <span class='ocrx_word' id='word_1_380' title='bbox 902 1860 1085 1893; x_wconf 78' lang='lat' dir='ltr'>Flaccillam</span> <span class='ocrx_word' id='word_1_381' title='bbox 1096 1858 1292 1897; x_wconf 83' lang='lat' dir='ltr'>Mariamque</span> <span class='ocrx_word' id='word_1_382' title='bbox 1301 1854 1404 1895; x_wconf 79' lang='lat' dir='ltr'>darc-t]</span> <span class='ocrx_word' id='word_1_383' title='bbox 1415 1855 1510 1885; x_wconf 87' lang='lat' dir='ltr'>Flac·</span> 
     </span>
     <span class='ocr_line' id='line_1_86' title="bbox 803 1904 1512 1948; baseline -0.016 -3"><span class='ocrx_word' id='word_1_384' title='bbox 803 1914 884 1946; x_wconf 88' lang='lat' dir='ltr'>cilla</span> <span class='ocrx_word' id='word_1_385' title='bbox 905 1912 1022 1943; x_wconf 90' lang='lat' dir='ltr'>Mater</span> <span class='ocrx_word' id='word_1_386' title='bbox 1038 1908 1196 1948; x_wconf 73' lang='lat' dir='ltr'>Honor-ii,</span> <span class='ocrx_word' id='word_1_387' title='bbox 1220 1907 1344 1948; x_wconf 84' lang='lat' dir='ltr'>conjux</span> <span class='ocrx_word' id='word_1_388' title='bbox 1355 1904 1512 1936; x_wconf 86' lang='lat' dir='ltr'>Theodo-</span> 
     </span>
     <span class='ocr_line' id='line_1_87' title="bbox 805 1964 977 1996; baseline -0.017 0"><span class='ocrx_word' id='word_1_389' title='bbox 805 1965 854 1996; x_wconf 87' lang='lat' dir='ltr'>sii.</span> <span class='ocrx_word' id='word_1_390' title='bbox 879 1964 977 1994; x_wconf 87' lang='lat' dir='ltr'>Idem.</span> 
     </span>
    </p>

    <p class='ocr_par' dir='ltr' id='par_1_28' title="bbox 807 2004 1512 2104">
     <span class='ocr_line' id='line_1_88' title="bbox 848 2004 1512 2049; baseline -0.015 -3"><span class='ocrx_word' id='word_1_391' title='bbox 848 2017 888 2046; x_wconf 87' lang='grc'>71</span> <span class='ocrx_word' id='word_1_392' title='bbox 919 2013 1056 2044; x_wconf 80' lang='lat' dir='ltr'>Undasse</span> <span class='ocrx_word' id='word_1_393' title='bbox 1085 2008 1220 2049; x_wconf 82' lang='lat' dir='ltr'>Tagum]</span> <span class='ocrx_word' id='word_1_394' title='bbox 1252 2007 1376 2039; x_wconf 88' lang='lat' dir='ltr'>Felicis</span> <span class='ocrx_word' id='word_1_395' title='bbox 1405 2004 1512 2037; x_wconf 87' lang='lat' dir='ltr'>seculi</span> 
     </span>
     <span class='ocr_line' id='line_1_89' title="bbox 807 2064 1168 2104; baseline -0.019 -4"><span class='ocrx_word' id='word_1_396' title='bbox 807 2068 953 2100; x_wconf 70' lang='lat' dir='ltr'>Poetica</span> <span class='ocrx_word' id='word_1_397' title='bbox 969 2064 1168 2104; x_wconf 86' lang='lat' dir='ltr'>descriptio.</span> 
     </span>
    </p>

    <p class='ocr_par' dir='ltr' id='par_1_29' title="bbox 811 2108 1516 2200">
     <span class='ocr_line' id='line_1_90' title="bbox 855 2108 1516 2150; baseline -0.017 -1"><span class='ocrx_word' id='word_1_398' title='bbox 855 2116 1007 2148; x_wconf 83' lang='lat' dir='ltr'>Galloecia</span> <span class='ocrx_word' id='word_1_399' title='bbox 1017 2114 1089 2146; x_wconf 84' lang='lat' dir='ltr'>risit</span> <span class='ocrx_word' id='word_1_400' title='bbox 1104 2110 1264 2150; x_wconf 81' lang='lat' dir='ltr'>Floribus]</span> <span class='ocrx_word' id='word_1_401' title='bbox 1278 2109 1398 2142; x_wconf 87' lang='lat' dir='ltr'>Patria</span> <span class='ocrx_word' id='word_1_402' title='bbox 1409 2108 1516 2140; x_wconf 86' lang='lat' dir='ltr'>Theo·</span> 
     </span>
     <span class='ocr_line' id='line_1_91' title="bbox 811 2166 1049 2200; baseline -0.017 0"><span class='ocrx_word' id='word_1_403' title='bbox 811 2169 909 2200; x_wconf 89' lang='lat' dir='ltr'>dosii.</span> <span class='ocrx_word' id='word_1_404' title='bbox 932 2166 1049 2198; x_wconf 80' lang='lat' dir='ltr'>Barth.</span> 
     </span>
    </p>

    <p class='ocr_par' dir='ltr' id='par_1_30' title="bbox 814 2208 1520 2409">
     <span class='ocr_line' id='line_1_92' title="bbox 854 2208 1517 2257; baseline -0.017 -8"><span class='ocrx_word' id='word_1_405' title='bbox 854 2221 896 2249; x_wconf 85' lang='lat'>72</span> <span class='ocrx_word' id='word_1_406' title='bbox 919 2217 1039 2257; x_wconf 78' lang='lat' dir='ltr'>Duria]</span> <span class='ocrx_word' id='word_1_407' title='bbox 1071 2214 1166 2246; x_wconf 81' lang='lat' dir='ltr'>Turia</span> <span class='ocrx_word' id='word_1_408' title='bbox 1192 2212 1278 2244; x_wconf 84' lang='lat' dir='ltr'>aliis.</span> <span class='ocrx_word' id='word_1_409' title='bbox 1313 2210 1435 2241; x_wconf 88' lang='lat' dir='ltr'>Vibius</span> <span class='ocrx_word' id='word_1_410' title='bbox 1462 2208 1517 2239; x_wconf 88' lang='lat' dir='ltr'>Se-</span> 
     </span>
     <span class='ocr_line' id='line_1_93' title="bbox 814 2259 1517 2311; baseline -0.016 -11"><span class='ocrx_word' id='word_1_411' title='bbox 814 2273 969 2311; x_wconf 87' lang='lat' dir='ltr'>quester:</span> <span class='ocrx_word' id='word_1_412' title='bbox 1002 2268 1011 2284; x_wconf 92' lang='lat'>‘</span> <span class='ocrx_word' id='word_1_413' title='bbox 1041 2266 1145 2297; x_wconf 83' lang='lat' dir='ltr'>Turia</span> <span class='ocrx_word' id='word_1_414' title='bbox 1171 2262 1348 2304; x_wconf 73' lang='lat' dir='ltr'>Hispaniae</span> <span class='ocrx_word' id='word_1_415' title='bbox 1378 2259 1517 2299; x_wconf 87' lang='lat' dir='ltr'>flumen,</span> 
     </span>
     <span class='ocr_line' id='line_1_94' title="bbox 815 2312 1519 2362; baseline -0.017 -10"><span class='ocrx_word' id='word_1_416' title='bbox 815 2320 904 2362; x_wconf 89' lang='lat' dir='ltr'>quod</span> <span class='ocrx_word' id='word_1_417' title='bbox 915 2318 1108 2350; x_wconf 83' lang='lat' dir='ltr'>Valentiam</span> <span class='ocrx_word' id='word_1_418' title='bbox 1122 2325 1227 2357; x_wconf 87' lang='lat' dir='ltr'>parvo</span> <span class='ocrx_word' id='word_1_419' title='bbox 1240 2312 1420 2344; x_wconf 90' lang='lat' dir='ltr'>intervallo</span> <span class='ocrx_word' id='word_1_420' title='bbox 1435 2321 1519 2352; x_wconf 81' lang='lat' dir='ltr'>prae-</span> 
     </span>
     <span class='ocr_line' id='line_1_95' title="bbox 815 2361 1520 2409; baseline -0.016 -7"><span class='ocrx_word' id='word_1_421' title='bbox 815 2369 968 2409; x_wconf 87' lang='lat' dir='ltr'>terfluit‚&#39;</span> <span class='ocrx_word' id='word_1_422' title='bbox 984 2371 1049 2400; x_wconf 63' lang='lat' dir='ltr'>Sec.</span> <span class='ocrx_word' id='word_1_423' title='bbox 1084 2368 1146 2399; x_wconf 87' lang='lat' dir='ltr'>Est</span> <span class='ocrx_word' id='word_1_424' title='bbox 1162 2370 1198 2397; x_wconf 90' lang='lat' dir='ltr'>et</span> <span class='ocrx_word' id='word_1_425' title='bbox 1211 2364 1369 2396; x_wconf 84' lang='lat' dir='ltr'>Thusciae</span> <span class='ocrx_word' id='word_1_426' title='bbox 1394 2361 1520 2393; x_wconf 87' lang='lat' dir='ltr'>flumen</span> 
     </span>
    </p>

    <p class='ocr_par' dir='ltr' id='par_1_31' title="bbox 819 2414 1390 2461">
     <span class='ocr_line' id='line_1_96' title="bbox 819 2414 1390 2461; baseline -0.018 -8"><span class='ocrx_word' id='word_1_427' title='bbox 819 2422 926 2461; x_wconf 77' lang='lat' dir='ltr'>Turia,</span> <span class='ocrx_word' id='word_1_428' title='bbox 941 2421 974 2451; x_wconf 91' lang='lat' dir='ltr'>in</span> <span class='ocrx_word' id='word_1_429' title='bbox 990 2418 1087 2458; x_wconf 86' lang='lat' dir='ltr'>Silio,</span> <span class='ocrx_word' id='word_1_430' title='bbox 1109 2417 1168 2448; x_wconf 91' lang='lat' dir='ltr'>lib.</span> <span class='ocrx_word' id='word_1_431' title='bbox 1186 2424 1268 2447; x_wconf 81' lang='lat' dir='ltr'>xul.</span> <span class='ocrx_word' id='word_1_432' title='bbox 1292 2414 1390 2445; x_wconf 87' lang='lat' dir='ltr'>Idem.</span> 
     </span>
    </p>

    <p class='ocr_par' dir='ltr' id='par_1_32' title="bbox 820 2461 1524 2615">
     <span class='ocr_line' id='line_1_97' title="bbox 862 2461 1520 2508; baseline -0.017 -5"><span class='ocrx_word' id='word_1_433' title='bbox 862 2475 902 2503; x_wconf 85' lang='lat'>73</span> <span class='ocrx_word' id='word_1_434' title='bbox 959 2471 1074 2501; x_wconf 89' lang='lat' dir='ltr'>Vellere</span> <span class='ocrx_word' id='word_1_435' title='bbox 1123 2466 1290 2508; x_wconf 81' lang='lat' dir='ltr'>purpureo]</span> <span class='ocrx_word' id='word_1_436' title='bbox 1350 2461 1520 2495; x_wconf 84' lang='lat' dir='ltr'>Maronis:</span> 
     </span>
     <span class='ocr_line' id='line_1_98' title="bbox 820 2512 1524 2563; baseline -0.017 -9"><span class='ocrx_word' id='word_1_437' title='bbox 820 2524 829 2541; x_wconf 86' lang='lat'>‘</span> <span class='ocrx_word' id='word_1_438' title='bbox 846 2524 975 2563; x_wconf 87' lang='lat' dir='ltr'>Sponte</span> <span class='ocrx_word' id='word_1_439' title='bbox 992 2530 1051 2552; x_wconf 87' lang='lat' dir='ltr'>sua</span> <span class='ocrx_word' id='word_1_440' title='bbox 1067 2519 1186 2550; x_wconf 83' lang='lat' dir='ltr'>sandix</span> <span class='ocrx_word' id='word_1_441' title='bbox 1202 2520 1382 2559; x_wconf 86' lang='lat' dir='ltr'>pascentes</span> <span class='ocrx_word' id='word_1_442' title='bbox 1398 2512 1524 2545; x_wconf 77' lang='lat' dir='ltr'>vestiet</span> 
     </span>
     <span class='ocr_line' id='line_1_99' title="bbox 821 2572 1072 2615; baseline -0.016 -10"><span class='ocrx_word' id='word_1_443' title='bbox 821 2572 950 2615; x_wconf 85' lang='lat' dir='ltr'>agnos.’</span> <span class='ocrx_word' id='word_1_444' title='bbox 975 2572 1072 2602; x_wconf 84' lang='lat' dir='ltr'>Idem.</span> 
     </span>
    </p>

    <p class='ocr_par' dir='ltr' id='par_1_33' title="bbox 822 2613 1528 2764">
     <span class='ocr_line' id='line_1_100' title="bbox 869 2613 1526 2662; baseline -0.021 -7"><span class='ocrx_word' id='word_1_445' title='bbox 869 2625 988 2655; x_wconf 82' lang='lat' dir='ltr'>Vellere</span> <span class='ocrx_word' id='word_1_446' title='bbox 1015 2631 1105 2662; x_wconf 81' lang='lat' dir='ltr'>purp.</span> <span class='ocrx_word' id='word_1_447' title='bbox 1140 2631 1171 2660; x_wconf 82' lang='lat' dir='ltr'>p.</span> <span class='ocrx_word' id='word_1_448' title='bbox 1202 2630 1242 2650; x_wconf 88' lang='lat' dir='ltr'>m.</span> <span class='ocrx_word' id='word_1_449' title='bbox 1276 2617 1368 2656; x_wconf 77' lang='lat' dir='ltr'>ovile]</span> <span class='ocrx_word' id='word_1_450' title='bbox 1407 2613 1526 2645; x_wconf 80' lang='lat' dir='ltr'>Vellera</span> 
     </span>
     <span class='ocr_line' id='line_1_101' title="bbox 822 2663 1528 2718; baseline -0.024 -10"><span class='ocrx_word' id='word_1_451' title='bbox 822 2675 958 2718; x_wconf 83' lang='lat' dir='ltr'>quidam</span> <span class='ocrx_word' id='word_1_452' title='bbox 1009 2672 1139 2712; x_wconf 85' lang='lat' dir='ltr'>scripti.</span> <span class='ocrx_word' id='word_1_453' title='bbox 1210 2671 1355 2701; x_wconf 88' lang='lat' dir='ltr'>Lucens.</span> <span class='ocrx_word' id='word_1_454' title='bbox 1412 2663 1528 2694; x_wconf 71' lang='lat' dir='ltr'>Vellere</span> 
     </span>
     <span class='ocr_line' id='line_1_102' title="bbox 823 2712 1526 2764; baseline -0.021 -6"><span class='ocrx_word' id='word_1_455' title='bbox 823 2727 909 2759; x_wconf 84' lang='lat' dir='ltr'>ovili.</span> <span class='ocrx_word' id='word_1_456' title='bbox 956 2725 1048 2764; x_wconf 85' lang='lat' dir='ltr'>Lego</span> <span class='ocrx_word' id='word_1_457' title='bbox 1071 2722 1186 2753; x_wconf 75' lang='lat' dir='ltr'>vellera</span> <span class='ocrx_word' id='word_1_458' title='bbox 1211 2718 1307 2755; x_wconf 71' lang='lat' dir='ltr'>ovili5</span> <span class='ocrx_word' id='word_1_459' title='bbox 1328 2720 1364 2747; x_wconf 82' lang='lat' dir='ltr'>et</span> <span class='ocrx_word' id='word_1_460' title='bbox 1385 2714 1434 2745; x_wconf 82' lang='lat' dir='ltr'>sic</span> <span class='ocrx_word' id='word_1_461' title='bbox 1458 2712 1526 2745; x_wconf 91' lang='lat' dir='ltr'>duo</span> 
     </span>
    </p>
   </div>
  </div>
 </body>
</html>
