1763 3116
381 176 429 205 m
465 175 518 204 11.
546 173 681 204 coss,
713 172 1042 202 summimus,
1320 162 1431 205 1589

33 274 72 302 ⁵1
99 270 278 310 Par-entem]
301 269 387 300 Ha‘c
412 277 491 299 vero
513 266 684 297 verissima

4 330 73 351 aus.
106 321 219 351 Barth.

35 370 216 410 Parc-ntem]
233 368 446 409 Symmachus
462 366 605 397 eundem
617 366 683 397 Sti-

4 420 153 451 ichonem
186 419 339 459 publicam
368 421 527 457 parentem
558 426 683 447 runicu-

0 476 49 502 mt
65 482 73 507 ;
91 478 198 509 neque
214 469 323 499 renuit
342 467 548 498 Ambrosius.
576 467 661 496 (Ἰιιυ.

31 523 72 550 52
107 520 219 549 Mundi
247 520 414 549 commanis
442 517 542 556 amor]
591 516 683 547 Alibi

0 568 30 599 le
48 568 209 600 Honorio.
247 569 362 599 Barth.

30 623 69 649 55
95 619 231 658 Mer-uit]
254 619 322 649 Pro
340 628 375 649 rc
391 628 519 657 magna.
564 618 660 648 Idem.

28 670 70 698 56
99 668 277 707 Virginibus
291 668 403 709 flores]
435 669 576 699 Divitiae
591 669 683 708 puol-

2 726 107 757 arum,
124 719 241 750 Po'c'tis
260 719 541 758 adscriptor-ibus.
572 719 668 749 Idem.

29 770 70 798 58
97 769 229 799 Numine
244 768 344 807 tanto]
367 769 516 808 Apollini
530 769 684 799 Stilicho-

0 827 65 848 iem
79 819 264 857 componit.
291 819 384 849 Idem.

32 870 73 897 59
96 868 220 898 Littora
237 868 344 907 Delia]
382 868 496 898 Insula
515 873 580 898 tam
601 878 684 908 pra*-

0 921 83 946 ›ente
102 917 260 956 Apolline
283 918 387 954 clara,
403 923 437 947 ut
454 919 590 947 oracula
606 918 682 948 inde

0 970 194 1006 ›eterentur‚
211 975 275 996 non
296 976 391 996 secus
410 972 511 1007 atque
528 968 680 1007 Delphis.

0 1015 6 1036 r

6 1016 161 1098 deL'iiitrox]
220 1058 341 1088 Laurus
379 1058 521 1098 Gyrald.
560 1059 682 1099 aliique

0 1107 146 1138 nonnulli.
173 1107 341 1138 D.Heins.

51 1157 154 1188 Fulsit
183 1158 336 1198 Apollinis
359 1156 462 1197 arcas]
514 1158 568 1189 Ita
597 1158 682 1189 subi-

5 1217 58 1239 um
86 1209 228 1239 numinis
255 1209 439 1241 adventum
459 1215 516 1240 aut
533 1210 680 1240 declara-

5 1258 113 1288 ionem
147 1258 344 1290 describunt
386 1259 427 1290 ab
476 1260 681 1291 ornamentis

0 1307 118 1339 L'oe't‘ae.
142 1309 256 1340 Barth.

29 1360 69 1388 63
98 1358 187 1389 Tecta
217 1359 311 1389 latere
348 1359 520 1399 Maerilms]
563 1359 683 1390 Studio

0 1409 117 1440 wisendi
153 1411 253 1440 etiam
280 1410 444 1441 altissima
467 1409 683 1441 aedificiormu

1 1467 60 1489 oca
74 1459 246 1498 compleri.
271 1460 368 1490 Idem.

30 1511 69 1538 64
93 1508 276 1540 Matr-ibus?
303 1510 352 1539 his
377 1508 523 1548 Stilicho]
552 1510 594 1539 Ut
617 1509 684 1540 Sei-

1 1557 65 1588 echo
92 1558 234 1589 Lucens.
258 1563 294 1589 et
319 1558 498 1589 duodecim
516 1559 598 1595 alii;
626 1568 682 1598 op-

4 1607 96 1647 ime;
131 1608 327 1639 admirantis
364 1612 428 1639 est.
473 1607 541 1638 Adi
574 1608 683 1640 Notas

0 1659 152 1700 ›uperiori
182 1659 264 1689 libro
293 1661 366 1690 327.
410 1659 450 1689 In
483 1658 682 1700 quibusdam

0 1711 49 1749 ιὶε,
66 1709 153 1750 quod
172 1709 332 1740 Barthius
350 1709 526 1749 amplexus
539 1714 601 1741 est.
640 1709 683 1740 D.

0 1759 100 1790 Heius.

32 1809 108 1848 His,
140 1808 282 1849 Stilicho,
309 1811 440 1850 cunctis]
470 1809 596 1851 Aspice
622 1811 683 1842 hos

0 1867 115 1897 imne5‚
129 1859 188 1896 ait,
204 1860 272 1900 (sui,
295 1860 356 1890 nisi
375 1865 431 1890 tua
448 1860 554 1891 virtus
568 1861 683 1891 imma-

0 1917 63 1940 1em
80 1909 269 1940 barbariem
284 1911 473 1949 avertisset,
491 1915 549 1941 aut
567 1910 683 1941 Gildo-

0 1959 39 1990 1is
50 1960 249 1998 molitiones,
258 1960 380 1991 famem
390 1961 586 2000 inferentes,
594 1971 683 1992 com·

0 2010 188 2048 vescuisset,
216 2019 328 2041 omnes
351 2011 568 2041 interiissent.
615 2011 683 2042 Alii

5 2069 59 2100 eg.
86 2060 150 2090 Hic
167 2060 308 2091 Stimho.
332 2061 372 2091 In
392 2061 475 2092 urbe
489 2063 576 2092 enim
590 2064 684 2094 velut

3 2120 22 2141 n
51 2116 203 2150 pectore,
231 2111 405 2152 animaque
434 2111 503 2151 ipsa
534 2113 685 2153 Imperii,

0 2160 152 2192 ’eluxisse
167 2162 308 2192 salutem
325 2162 476 2192 omnibus
493 2162 586 2193 dicit.
613 2164 684 2194 Hu-

0 2219 119 2242 nanum
149 2212 237 2242 enim
263 2221 369 2251 genus
398 2212 508 2243 solens
536 2213 685 2243 Romano

0 2266 117 2293 :enset.

32 2311 176 2351 Reluxil]
200 2312 312 2343 Instar
328 2313 507 2353 insperatae
525 2313 619 2353 lucis,
631 2323 684 2344 su-

0 2360 59 2392 >ito
75 2362 272 2401 ingruentis.
297 2364 410 2394 Barth.

34 2413 73 2441 65
96 2412 215 2452 Septem
244 2414 374 2454 montes]
411 2415 536 2453 Colles,
564 2414 683 2456 quibus

0 2461 99 2491 Roma
113 2462 327 2494 inaedificata.
353 2465 449 2496 Idem.

34 2513 76 2541 66
99 2512 178 2542 Auri
199 2512 339 2555 fulgore]
363 2515 475 2546 Tectis
504 2526 585 2547 auro
611 2526 684 2547 ves-

0 2560 76 2591 titis.
101 2561 195 2591 Idem.

34 2612 76 2640 67
101 2610 286 2651 Indutosque
308 2623 396 2644 arcus
422 2615 542 2655 spoliis]
574 2616 684 2646 Induc-

0 2664 93 2700 &osque
108 2659 233 2691 frustra
249 2664 383 2702 quidam
397 2676 404 2694 ε
421 2666 513 2702 alibi,
535 2667 543 2683 ‘
560 2667 685 2698 vestita

0 2711 108 2752 spoliis
123 2710 293 2743 donabere
311 2714 457 2754 quercu!
478 2716 523 2747 D.
538 2716 650 2747 Heius.

776 267 820 295 69
843 265 1000 299 Quantum
1021 262 1191 303 profueris]
1236 263 1337 297 Quam
1367 269 1433 296 tum

735 323 820 344 unus
845 314 998 344 Ambros.
1025 313 1115 351 Lego
1145 313 1302 347 Quantoe:
1331 313 1430 345 alibi:

733 365 741 380 ‘
761 364 921 393 Proxime
935 363 987 394 dis
1003 363 1132 402 consul,
1150 367 1253 393 tantae
1266 362 1323 403 qui
1340 372 1434 403 pros-

736 414 820 454 picis
838 414 936 445 urbi!
960 415 1057 444 Idem.

777 467 818 495 70
842 465 958 495 Metire
973 463 1081 504 oculis]
1106 462 1282 503 Expende.

782 513 911 553 Fabula]
934 514 1029 545 Penc
1047 513 1142 552 nihil,
1159 512 1314 554 quodque
1332 522 1432 553 prox-

734 563 834 594 imum
853 563 970 594 nihilo.
995 563 1047 593 De
1077 563 1197 604 quibus
1217 563 1297 593 nihil
1315 572 1433 603 super·

734 618 824 644 esset
869 618 995 653 praeter
1039 622 1208 643 sermones
1250 613 1432 653 hominum,

734 663 927 704 nudumque
945 673 1077 695 nomen.
1137 663 1213 694 Hoc
1230 663 1434 701 enimsabula

734 713 886 745 denotat.
909 715 1026 745 Barth.

776 767 814 793 71
841 764 1048 804 lncmnberet]
1065 764 1253 804 Impediret
1269 763 1342 804 ejus
1357 773 1434 804 pro-

736 820 883 845 ventum.
927 815 1076 844 Verbum
1093 824 1253 844 summam
1271 814 1337 844 vim
1355 823 1436 845 con-

735 865 830 895 tinet.
857 865 953 895 Idem.

777 917 817 944 72
844 915 965 948 Qaerca
994 915 1121 954 velaret]
1164 914 1251 944 Vide
1275 913 1436 953 Gellium,

734 974 768 994 v.
785 967 816 994 ὓ.
850 964 1069 995 Stilichonem
1094 969 1175 1003 post
1202 964 1328 994 victum
1347 964 1435 994 Rha-

733 1014 936 1052 dagaistnm,
967 1013 1114 1044 omnium
1133 1013 1272 1043 Romani
1290 1014 1433 1044 nominis

732 1063 878 1093 hostium
912 1062 1199 1100 immanissimum,
1235 1067 1434 1092 coronatum

731 1121 807 1143 cum
822 1116 893 1142 toto
910 1111 1064 1142 exercitu
1079 1111 1218 1142 rediisse
1236 1115 1354 1141 auctor
1371 1111 1435 1141 Zo-

731 1162 847 1201 simus,
861 1162 919 1193 lil).
933 1171 965 1193 v.
989 1162 1088 1193 Idem.

774 1216 815 1244 77
841 1214 907 1244 Nec
922 1213 1033 1252 solam]
1050 1213 1102 1244 Sic
1119 1212 1275 1244 meliores
1293 1213 1412 1254 scripti
1427 1224 1434 1245 :

733 1263 832 1303 vulgo
847 1273 905 1293 nou
921 1264 1026 1294 solum.
1050 1263 1091 1293 D.
1111 1262 1230 1294 Heius.

774 1316 815 1343 78
839 1312 900 1342 Sed
917 1312 1315 1352 quojucmzdioresset]Sic
1329 1314 1436 1355 scrip-

735 1362 760 1392 ti
776 1362 949 1402 potiores3
973 1362 1142 1402 quomodo
1168 1367 1203 1392 et
1228 1363 1283 1392 alii
1302 1363 1374 1402 jam
1391 1364 1437 1394 le-

735 1410 881 1451 gendum
896 1411 1066 1441 viderunt.
1100 1411 1212 1450 Vulgo
1229 1413 1329 1451 qaod‚·
1344 1413 1434 1444 unde

734 1462 811 1500 qaod
829 1461 1021 1498 jucundius:
1059 1465 1094 1491 et
1130 1471 1208 1492 mox
1232 1462 1343 1499 fructu
1374 1473 1436 1504 pro

725 1510 865 1549 fructus,
900 1511 987 1540 male
1017 1511 1159 1550 Raphel.
1192 1521 1259 1543 nec
1283 1522 1437 1544 necessa-

734 1560 831 1599 rium,
853 1561 942 1601 quod
961 1561 1130 1599 Barthius,
1154 1563 1243 1593 curis
1267 1564 1438 1605 secundis,

733 1614 766 1641 ut
787 1611 916 1640 amissas
930 1610 1012 1642 vires
1028 1620 1089 1651 pro
1104 1615 1134 1642 et
1150 1613 1292 1651 reponit.
1316 1614 1413 1646 Idem.

776 1661 849 1700 Sed,
874 1671 930 1701 quo
948 1660 1118 1698 J'ucandior
1143 1662 1235 1702 esset]
1270 1664 1317 1694 Ut
1347 1665 1434 1695 enim

734 1709 886 1741 Africam
900 1711 1007 1751 ipsam
1023 1720 1097 1741 cum
1112 1711 1273 1743 classibus
1286 1712 1436 1745 frumen·

734 1761 841 1801 tarils,
867 1761 915 1792 sie
947 1762 1087 1801 gloriam
1112 1762 1213 1794 etiam
1241 1764 1434 1796 restituisse

735 1812 850 1843 Romae
868 1811 997 1842 indicat
1011 1813 1242 1844 Stilichonem.
1274 1814 1390 1845 Barth.

775 1864 817 1892 79
848 1861 1028 1892 Venerabile
1048 1861 1148 1899 famae
1179 1863 1319 1903 Pondus]
1349 1864 1434 1896 Quae

733 1921 808 1942 cum
832 1911 909 1942 vitae
937 1911 1040 1950 ipsius
1066 1912 1198 1942 scilicet
1221 1913 1329 1951 pretio
1346 1914 1437 1944 aesti-

732 1966 855 1992 luetur.
881 1962 1019 1999 I’ondas,
1046 1962 1435 2004 auctoritatem,1najes-

734 2017 841 2044 tatem
858 2017 964 2043 notat.
994 2013 1088 2043 Idem.

776 2065 817 2093 82
841 2062 1021 2093 Famulosve
1054 2062 1212 2102 precatur]
1258 2064 1361 2095 Fame
1399 2069 1435 2096 et

733 2112 875 2153 penuria
890 2117 1022 2143 coacta.
1049 2113 1146 2143 Idem.

775 2165 816 2193 83
842 2161 961 2193 Robore
980 2162 1120 2202 Gabino]
1143 2163 1277 2204 Italico,
1300 2164 1436 2206 Latino,

736 2213 896 2252 Romano,
909 2213 1032 2252 prisco.
1059 2213 1157 2245 Idem.

777 2265 816 2293 84
842 2263 982 2293 Romana
994 2263 1056 2302 ira]
1076 2264 1190 2303 Digna
1208 2264 1356 2295 Romana
1369 2264 1435 2295 vir-

735 2317 819 2343 tute.
847 2313 1012 2343 Ovidius:
1030 2314 1038 2329 ‘
1052 2313 1172 2353 dignas
1186 2314 1272 2345 Jove
1285 2315 1436 2355 concipit

733 2364 820 2394 iras.’
845 2364 930 2394 Iram
946 2373 1008 2404 pro
1020 2365 1109 2394 omni
1129 2374 1162 2395 re
1175 2365 1314 2396 Martiae
1333 2366 1437 2396 virtu-

734 2414 776 2445 tis
790 2414 961 2445 multoties
975 2420 1114 2454 usurpat
1132 2416 1306 2455 Papinius.
1339 2418 1437 2450 Idem.

776 2468 815 2495 85
840 2465 935 2496 anet
950 2465 1063 2505 siguis]
1092 2466 1254 2506 Imperat.
1281 2468 1378 2499 Idem.

775 2516 1013 2556 Bellona-oque]
1028 2517 1238 2557 Bellatorz’que
1247 2527 1331 2548 unm
1343 2517 1442 2549 Med..

734 2570 769 2597 ct
785 2570 946 2606 expectant
977 2577 1036 2606 pro
1054 2572 1081 2597 el
1099 2571 1240 2607 spectant
1263 2579 1341 2599 mon⁷
1358 2567 1437 2600 libri

734 2626 860 2647 omnes.
885 2617 929 2647 D.
943 2617 1055 2649 Heius.

777 2671 819 2699 86
841 2667 1003 2708 Spectant]
1015 2669 1220 2708 Observant‚
1232 2668 1440 2710 suspiciunt,
1453 2695 1456 2697 ,

735 2719 862 2758 colunt,
878 2719 1077 2760 respiciunt.
1104 2721 1220 2752 Barth.
