1859 3148
338 168 452 210 1542

385 272 544 313 Tetemiie]
557 273 659 304 Dicas
670 273 761 304 velut
774 281 897 311 sagena
908 271 1038 311 cepisse

340 324 496 364 populos,
510 333 576 363 qua
594 328 695 363 rupta
710 323 910 353 exciderunt
924 326 1040 361 postea

341 373 532 404 Provinciae
551 378 585 403 et
604 373 725 403 Urbes.
754 372 871 402 Barth.

386 425 447 454 139
472 424 632 462 Puri-uque
655 433 672 452 a
696 424 766 453 sede
784 420 938 460 profecta]
967 421 1040 449 Pro-

331 473 437 510 fectus
452 473 606 503 meliores
623 472 710 501 libri.
735 472 804 501 Pro
821 471 978 509 Dis-persii
993 471 1042 499 vir

341 522 505 553 maximus
528 522 697 560 dispescit:
715 521 814 551 male.
847 522 922 550 Vat.
949 521 1042 550 Flac-

338 582 415 610 cus,
443 573 464 602 l.
485 580 508 601 1.
529 572 538 586 ‘
554 572 681 601 Saltem
707 571 737 600 in
765 580 885 601 vacuos
908 575 945 600 ut
971 570 1044 599 bra-

345 621 421 652 chia
438 626 556 651 ventos
573 620 742 659 Spargat.'
773 621 815 650 D.
833 620 943 650 Heius.

389 673 449 701 1-10
473 671 631 710 Dispersit
655 681 721 700 cum
740 672 810 701 Sole
826 669 945 708 munus]
979 669 1043 698 Po-

345 721 481 751 tentiam
500 730 591 749 suam
610 730 684 750 cum
701 720 828 750 Solaris
845 728 960 749 cursus
978 728 1045 748 am-

346 771 516 810 plitudine
535 771 690 810 aequavit.
719 770 833 799 Barth.

391 820 491 850 Obvia.
500 819 596 858 sutis]
626 820 714 849 Votis
730 819 834 849 Prim.
850 817 961 848 Vatic.
975 817 1047 848 alii·

347 879 410 910 que
429 870 535 899 multi.
560 869 604 899 D.
622 868 733 899 Heius.

394 922 451 950 141
491 917 636 957 I’ugnus]
678 918 785 958 Bella,
823 928 898 958 quae
937 917 1049 948 duella

348 969 439 999 olim.
465 968 580 998 Barth.

394 1021 454 1050 142
478 1018 681 1049 Sulmzitieret
694 1017 796 1057 urbes]
823 1018 983 1049 Obsiderct
995 1027 1050 1048 ex·

348 1069 434 1100 arati
462 1068 536 1100 fere
562 1079 699 1107 ornnes;
725 1069 831 1099 bene:
858 1074 894 1099 ut
914 1069 1051 1099 Delrius

343 1122 414 1160 jam
444 1119 624 1160 legendum
656 1119 741 1149 vidit
772 1129 814 1149 ex
846 1119 903 1149 illo
932 1129 1051 1150 versu:

351 1171 359 1186 ‘
382 1169 506 1210 Meque
524 1170 716 1200 minabatur
741 1170 872 1200 calcato
897 1169 1052 1200 obsidere

354 1219 462 1250 vallo!
486 1220 531 1250 D.
548 1220 661 1250 Heius.

399 1273 456 1300 141
473 1271 648 1309 Numquam
660 1271 816 1301 succubuit
831 1270 970 1309 damnis]
986 1271 1054 1301 Ho-

354 1320 458 1349 ratius
476 1319 587 1349 verbis
605 1319 825 1349 Hannibalis:
850 1321 858 1336 ‘
875 1320 968 1350 Gens
980 1330 1053 1359 quae

354 1373 504 1400 cremato
535 1368 631 1398 fortis
663 1368 705 1398 ab
743 1369 821 1407 Ilio,
859 1372 923 1399 &en
987 1369 1056 1398 Per

355 1419 487 1457 damna,
505 1427 566 1457 per
577 1417 701 1456 caedes,
714 1417 755 1447 ab
771 1418 843 1456 ipso
855 1418 965 1449 Sumit
975 1427 1057 1458 opes

355 1469 547 1508 animosque
563 1466 678 1498 ferro.'
709 1467 822 1498 Barth.

400 1520 459 1548 145
499 1517 576 1548 Post
607 1518 731 1547 Cannas
762 1517 870 1556 major]
917 1518 1055 1548 Florus:

355 1569 363 1584 ‘
383 1568 510 1608 Magna
528 1568 643 1608 populi
661 1568 802 1598 Romani
823 1569 979 1606 Fortuna,
999 1568 1056 1597 sed

357 1627 492 1657 semper
508 1618 601 1648 malis
616 1617 723 1657 major
736 1617 946 1647 resurrexit!
962 1617 1057 1647 Idem.

402 1669 463 1697 146
487 1666 795 1706 IlIurumqueseriret
815 1666 940 1706 Hostis]
965 1666 1058 1697 Allu-

358 1717 450 1747 ‹litnr
467 1716 637 1747 Hannibal
669 1716 710 1746 ad
728 1716 860 1747 Portas.
887 1717 983 1746 Idem.

404 1767 592 1807 Mummque
613 1766 729 1804 feriret
755 1766 877 1806 Hostis]
918 1767 1060 1797 Fet-irent

361 1817 508 1858 optimus
525 1817 636 1848 Vatic.
668 1816 928 1857 Αᾱεῑιιιῐιιιφιιυ,
947 1816 1061 1846 obser-

361 1879 402 1899 vo
427 1869 467 1899 ad
496 1869 668 1900 Nasonem
697 1868 836 1899 Remed.
858 1867 974 1898 Amor.
991 1870 1061 1898 164.

363 1920 409 1950 D.
429 1919 540 1950 Heius.

408 1972 469 2000 149
494 1969 564 1999 Alio
583 1968 680 2008 Orbe]
713 1969 863 1999 Eatenus
879 1968 1060 2008 incognito.

366 2020 481 2050 Barth.

408 2073 468 2101 150
495 2071 530 2101 1η
545 2070 698 2109 gremium
714 2070 809 2100 victos
825 2079 890 2109 qua?
905 2070 967 2099 sola
983 2079 1062 2099 rece-

361 2120 425 2159 pit]
450 2121 496 2151 Ut
514 2121 631 2159 aleret,
659 2124 824 2157 tueretur,
849 2119 917 2149 suis
935 2119 1063 2150 civibus

365 2170 589 2209 adscriberet,
613 2170 785 2209 diligeret,
809 2169 961 2207 foveret;
987 2179 1064 2200 con-

366 2226 420 2252 tra
437 2231 547 2251 mores
565 2225 793 2260 tyrannorum.
818 2220 912 2250 Idem.

410 2274 471 2301 152
496 2271 625 2307 Matris,
653 2280 710 2299 nnn
733 2270 874 2309 domimo,
897 2270 975 2309 ritu]
1000 2271 1064 2300 Ex-

365 2325 457 2351 serto
474 2320 590 2350 ubere.
620 2321 850 2360 Symmachus,
867 2321 886 2352 l.
899 2330 937 2352 ιι.
957 2321 1065 2361 Epist.

367 2375 397 2402 7.
422 2371 488 2402 Ubi
504 2370 626 2401 famem
645 2371 882 2401 Gildonianam
895 2371 1064 2411 deplorat.

368 2422 468 2452 Idem.

413 2475 471 2503 155
499 2472 619 2503 Patriis
644 2470 833 2510 regionibus]
867 2472 971 2501 Roma
999 2481 1066 2501 om-

368 2522 460 2552 nium
477 2523 662 2553 communis
679 2521 810 2559 Patria,
827 2521 857 2550 in
876 2531 1066 2561 (pinnense,

369 2571 433 2601 nisi
449 2581 566 2601 servus
591 2577 647 2601 aut
674 2571 848 2610 barbarus,
874 2571 1067 2611 peregrina-

370 2621 481 2652 batur.
506 2622 604 2653 Idem.

415 2674 476 2712 156
499 2671 607 2703 Scirem
622 2675 740 2702 rnumre
754 2670 840 2711 licet]
870 2671 1004 2712 Ubique
1021 2672 1068 2702 in-

369 2725 471 2752 venta
487 2721 610 2761 patria.

549 177 690 209 NOTAE
725 176 986 216 vARloRUM
1023 176 1072 206 IN
1107 175 1182 206 CL.
1215 174 1397 204 CLAUD.
1431 173 1576 204 XXIV.

1136 270 1268 299 Cernere
1287 267 1420 307 Thulen]
1459 268 1658 298 Extremam
1685 266 1790 306 regio-

1091 329 1166 350 nem
1185 320 1299 349 dicere
1316 321 1399 357 vult,
1417 325 1449 347 ut
1469 318 1655 348 mediarum
1672 316 1790 347 facilli-

1093 379 1143 399 ma
1162 370 1341 405 habitatio,
1359 369 1540 408 salvojure
1558 367 1714 397 Civitatis
1726 367 1791 397 Ro-

1093 429 1211 455 manae,
1228 424 1432 458 patesceret.
1463 418 1578 447 Barth.

1138 470 1268 498 Cernere
1296 468 1409 498 Thulen
1436 466 1570 506 Rursus]
1603 466 1705 496 Lusus
1731 465 1795 496 Lu-

1094 527 1184 549 oens.
1201 518 1344 556 Gyrald.
1364 518 1461 557 prim.
1476 518 1583 548 Vatic.
1601 521 1635 546 et
1652 516 1795 546 Rotten-

1093 568 1323 607 dorphiunus3
1360 568 1444 597 bene
1462 578 1468 596 :
1509 576 1612 606 supra
1642 567 1660 596 l.
1694 574 1732 595 ιι.
1762 565 1795 595 in

1096 616 1203 647 Rutin.
1227 620 1235 632 ‘
1255 616 1469 656 frontemque
1484 617 1591 646 secari
1618 615 1744 653 Ludus,
1761 617 1795 645 et

1095 667 1224 697 occisos
1253 667 1428 705 pulchrum
1455 666 1573 705 jurare
1614 663 1802 705 parenteS.'

1095 716 1440 746 111.00=1s.H0n01·ii:
1465 718 1668 755 ‘regumque
1683 723 1798 744 recen-

1098 771 1149 795 tes
1169 765 1305 794 Exuviae
1326 764 1386 793 tibi
1405 764 1500 793 ludus
1518 764 1636 794 erant.’
1678 762 1800 802 virgil.

1097 815 1170 846 AEn.
1190 823 1240 844 rx.
1264 814 1272 829 ⁴
1287 814 1442 843 Flectere
1457 813 1554 842 ludus
1566 822 1668 852 equos
1681 817 1717 842 et
1733 812 1799 851 spi-

1099 865 1177 896 cula
1195 865 1336 895 tendere
1353 863 1481 894 cornu!
1510 863 1688 893 Sidonius:
1712 862 1721 877 ‘
1737 862 1800 892 Lu·

1099 915 1160 945 dus
1178 920 1251 945 erat
1281 924 1383 954 puero
1402 921 1513 953 raptas
1530 923 1569 943 ex
1588 914 1684 943 hoste
1701 912 1802 952 sagit-

1100 970 1150 997 tas
1163 966 1297 996 Festina
1312 970 1461 995 tractare
1473 964 1595 995 manu!
1621 965 1694 994 x‘al.
1710 964 1803 994 Flac-

1101 1026 1169 1056 euS‚
1187 1016 1206 1046 l.
1226 1025 1281 1046 ιιι.
1306 1018 1314 1032 ‘
1332 1014 1444 1045 Ludus
1468 1020 1500 1044 et
1527 1015 1582 1044 ille
1608 1015 1695 1051 Deo,
1713 1013 1804 1052 pavi-

1102 1067 1180 1096 dum
1199 1065 1408 1106 praesepibns
1434 1063 1547 1094 aufert
1574 1064 1658 1093 Cum
1679 1061 1803 1101 pecus.'

1101 1117 1214 1155 Silius,
1231 1117 1252 1146 l.
1271 1125 1345 1146 Χνι.
1369 1116 1377 1131 ‘
1398 1114 1459 1144 Cui
1477 1113 1574 1142 ludus
1590 1113 1714 1142 nullam
1732 1121 1805 1141 enr-

1104 1179 1140 1198 su
1153 1178 1218 1199 non
1230 1168 1347 1197 tollere
1362 1164 1514 1195 damam?
1530 1164 1672 1201 Statius,
1683 1162 1804 1194 Achill.

1105 1227 1145 1248 ιι.
1170 1220 1178 1234 ‘
1197 1218 1364 1256 Spargere
1388 1220 1511 1246 etestus
1534 1214 1647 1245 Ludus
1664 1217 1736 1243 erat
1753 1222 1805 1244 re-

1105 1268 1267 1308 quiesque
1295 1265 1396 1296 mihi)
1443 1264 1592 1295 Avienus
1611 1266 1683 1294 ()ra
1703 1262 1804 1293 Mari-

1106 1318 1207 1347 tima:
1232 1317 1240 1332 ⁴
1257 1316 1350 1345 Gens
1376 1315 1430 1344 hie
1459 1314 1560 1344 docta
1588 1314 1648 1343 sali
1677 1312 1805 1343 tumido

1107 1366 1197 1396 freta
1223 1365 1355 1405 gurgite
1380 1364 1498 1402 currit,
1520 1364 1625 1403 Inque
1644 1363 1807 1403 procello-

1107 1426 1159 1447 sos
1176 1415 1318 1446 lembum
1330 1418 1530 1445 convertere
1545 1412 1666 1445 fluetus
1680 1414 1807 1444 Ludnm

1109 1464 1237 1495 habet!
1260 1465 1303 1494 D.
1322 1464 1435 1494 Heius.

1153 1517 1213 1545 157
1251 1514 1433 1544 Horrendos
1464 1513 1610 1552 recessus]
1649 1513 1810 1544 Barbarie

1108 1564 1197 1595 omni
1229 1564 1371 1604 expulsa
1402 1569 1437 1594 et
1471 1563 1619 1594 moribus
1652 1563 1810 1593 Romanis

1109 1614 1245 1645 subdita
1268 1615 1356 1644 omni
1385 1614 1535 1652 regione.
1582 1613 1810 1652 Rccessus,ex·

1111 1670 1227 1695 tremae
1245 1665 1407 1703 regiones.
1435 1664 1552 1693 Barth.
1784 1669 1788 1673 ·

1153 1719 1211 1746 161
1237 1716 1391 1745 Luxuries
1406 1714 1508 1753 vitiis]
1536 1714 1544 1730 ‘
1565 1713 1680 1743 Otium
1699 1714 1808 1754 Reges

1111 1767 1204 1807 prius
1242 1770 1276 1796 et
1315 1765 1430 1795 beatas
1470 1763 1630 1794 Perdidit
1675 1762 1809 1794 Urbes!

1112 1819 1210 1848 Idem.

1156 1873 1216 1900 102
1245 1870 1328 1899 Male
1343 1868 1500 1908 sublimes]
1527 1867 1738 1906 Inconsulte,
1755 1866 1813 1897 im·

1113 1919 1265 1960 provide.
1292 1919 1391 1949 Idem.

1158 1972 1216 1999 164
1242 1968 1340 2007 Tulit]
1364 1968 1526 1999 Abstulit.
1552 1969 1650 1998 Idem.

1157 2022 1215 2050 167
1243 2018 1322 2048 Hau:
1346 2018 1442 2048 sacris
1462 2018 1600 2048 animata
1617 2018 1729 2048 Numae
1753 2016 1812 2057 est]

1112 2070 1238 2109 Seripti
1254 2068 1290 2098 τὸ
1307 2073 1351 2099 est
1372 2079 1437 2099 non
1460 2072 1673 2108 agnoscunt:
1697 2067 1813 2108 quales

1113 2120 1414 2158 liiatusinVirgilio
1425 2128 1605 2149 occurrere
1616 2118 1813 2159 frequentes

1113 2181 1213 2211 supra
1225 2172 1295 2211 jam
1313 2171 1468 2201 diximus.
1495 2170 1623 2200 Noster
1640 2169 1815 2209 Epithala-

1115 2221 1180 2251 mio
1199 2221 1359 2251 Honorii:
1385 2223 1392 2236 ‘
1412 2221 1451 2250 Εἰ
1482 2221 1638 2259 platanus
1666 2220 1817 2258 platano,

1116 2272 1260 2311 alnoque
1295 2271 1446 2300 assibilat
1486 2270 1581 2299 alnus
1598 2268 1618 2298 ε’
1657 2268 1705 2298 ita
1744 2268 1814 2298 illie

1116 2321 1234 2360 scripti
1260 2320 1448 2359 complures
1472 2325 1506 2349 et
1529 2329 1569 2348 ex
1587 2318 1693 2348 veteri
1720 2318 1817 2357 libro,

1118 2371 1265 2401 seeundo
1294 2371 1325 2400 in
1356 2371 1498 2409 Eutrop.
1533 2369 1748 2408 ‘Tarbigilus
1776 2369 1817 2399 si-

1117 2421 1243 2451 mulare
1272 2419 1397 2458 sugam,
1425 2419 1591 2460 flatusque
1619 2419 1725 2449 lconis
1749 2420 1817 2459 Spe

1118 2472 1244 2501 nutrire
1261 2471 1339 2507 levi,
1355 2470 1619 2509 improvisusque
1644 2475 1784 2509 repente
1800 2469 1818 2500 :’

1118 2520 1240 2551 deiude
1264 2530 1323 2559 pro
1349 2521 1431 2556 hinc,
1446 2520 1515 2549 huic
1533 2530 1606 2549 eum
1630 2519 1724 2550 libris
1739 2529 1818 2550 non-

1119 2571 1216 2600 nullis
1241 2570 1442 2607 legendum:
1477 2571 1567 2599 librat
1597 2570 1699 2600 etiam
1726 2576 1818 2600 reete

1120 2631 1206 2651 unus
1235 2621 1354 2650 l'etav.
1383 2626 1415 2649 et
1447 2630 1530 2650 unus
1558 2620 1670 2650 vatic.
1716 2619 1818 2660 Apud

1122 2670 1315 2708 Horatium,
1342 2670 1362 2699 l.
1382 2679 1434 2699 ιιι.
1464 2670 1530 2700 Od.
1549 2672 1598 2699 14.
1634 2670 1643 2686 ‘
1662 2670 1758 2709 pueri
1785 2675 1819 2700 et

1122 2720 1242 2760 puellm
1257 2720 1334 2753 ,lam
1352 2720 1458 2751 virum
1470 2721 1730 2759 expertae‚male
1741 2719 1820 2751 omi-
