1859 3148
378 156 398 198 l
408 155 493 198 536

419 263 440 292 2
458 260 621 301 Proprium
637 259 745 300 caput]
761 257 955 289 Similitudo
972 257 1079 288 ducta

379 311 514 343 videtur
541 321 559 341 a
583 309 693 341 fluviis
717 310 747 339 vi
780 310 812 339 in
830 308 959 339 t'ontem
986 312 1078 338 retro

379 362 505 399 versis3
529 370 643 391 eorum
669 361 757 390 enim
775 358 887 390 fontes
904 358 1018 398 capita
1031 358 1077 387 di-

377 419 512 444 cuntur.
552 411 740 442 Horatius:
765 411 774 427 ‘
794 419 881 439 nnnc
912 408 954 438 ad
982 418 1078 448 aquae

379 462 453 493 leue
467 466 571 500 caput
585 460 714 491 sacrae?
739 459 855 490 Barth.

422 515 440 542 3
465 512 536 542 Non
552 511 618 541 sine
643 510 760 540 Pieriis
780 508 934 548 emercuz't]
972 509 1077 538 Favo—

380 571 449 592 rein
481 563 514 592 in
541 561 694 591 homines
718 560 882 598 Musicos,
906 558 1078 599 praeeipue

378 613 520 650 Poeta&
545 612 712 652 Scipionis
738 611 964 649 commendat,
988 609 1078 639 Stili-

379 663 517 694 chonem
535 663 638 693 etiam
665 661 810 691 nominis
833 670 914 691 sono
929 660 976 690 illi
990 669 1079 689 com-

379 712 566 752 parandum
583 711 809 751 praepingens,
825 720 928 750 seque
943 708 1079 738 interim

378 763 479 793 etiam
498 763 644 792 melioris
656 761 718 790 zrvi
733 760 868 790 vatibus
881 768 946 788 non
963 758 1079 796 inepte

379 821 593 851 componens.
620 811 715 839 Idem.

421 865 439 891 5
467 861 590 890 Gaudet
606 859 688 889 enim
704 859 804 888 virtus
819 860 911 887 testes
929 855 989 885 sibi
1004 854 1079 892 Jun-

376 922 451 949 gere
482 910 606 950 Musas]
628 911 716 940 Sane
741 919 834 947 vero,
862 912 896 938 et
924 906 1081 946 exemplo

380 958 1079 1002 OmnipotcntisDivina—Maljestatis,quae

379 1018 496 1043 contra
514 1012 676 1042 immensa
702 1010 814 1040 onmia
843 1007 1007 1039 beneficia
1026 1013 1081 1036 tna

379 1063 469 1093 aliud
487 1062 569 1092 nihil
586 1061 705 1100 poscit,
723 1068 822 1100 quum
839 1057 980 1088 landari.
997 1056 1080 1087 Glo-

380 1114 429 1144 ria
442 1113 558 1144 Musas
570 1109 849 1149 comitatui-‚qnia
864 1117 916 1138 res
930 1108 1079 1137 Heroum

380 1168 477 1204 grato
494 1162 574 1201 ipsis
589 1160 700 1192 officio
713 1158 964 1190 concelebrant.
983 1156 1081 1186 Idem.

425 1217 463 1245 ll
497 1212 647 1244 Hoerebnt
673 1210 781 1250 lateri]
818 1210 964 1240 Summae
991 1207 1083 1238 fami-

378 1263 537 1294 liaritatis
553 1262 766 1292 documento.

422 1313 542 1344 Doctus
567 1312 688 1341 Ennius
724 1310 887 1340 Catonem
910 1316 989 1337 sane
1014 1316 1082 1336 ma-

375 1364 487 1404 jorem
504 1361 630 1392 litteris
651 1359 811 1396 instituit,
837 1367 902 1397 quo
919 1356 1009 1387 omni
1026 1365 1080 1395 ge-

380 1424 461 1445 nere
479 1411 703 1443 literatiorem
717 1418 757 1439 ea
769 1413 853 1438 aetas
868 1416 932 1437 non
951 1405 1082 1437 habuit.

382 1464 547 1497 Ovidius:
572 1463 580 1479 ‘
600 1461 728 1493 Ennius
744 1459 880 1500 ingenio
903 1457 1082 1496 maximus,

379 1519 454 1546 arte
469 1513 583 1546 mdis?

425 1564 550 1596 Castris
575 1561 728 1601 omnibus]
777 1558 942 1590 Omnibus
974 1556 1082 1595 bellis,

381 1615 470 1647 omni
483 1612 712 1654 expeditione.
740 1609 856 1640 Barth.

426 1668 467 1695 12
492 1664 530 1694 In
553 1663 669 1693 medias
696 1660 816 1690 Ennius
844 1659 889 1689 ire
910 1656 1014 1696 tubas]
1039 1657 1083 1686 Et

382 1713 519 1754 quidem
550 1721 616 1742 non
646 1709 824 1740 immerito.
884 1707 968 1737 Erat
994 1705 1082 1736 enirn

381 1763 555 1797 Centurio.
592 1761 689 1792 Idem.

426 1817 464 1845 15
491 1811 624 1843 Gemina
650 1809 857 1849 Carthagine]
887 1806 966 1838 Fuit
994 1806 1082 1836 enim

383 1863 554 1901 Carthago
575 1862 605 1891 in
618 1859 748 1898 Africa,
764 1863 798 1889 et
810 1867 896 1887 nova
910 1856 1081 1893 Carthago

384 1914 416 1943 in
432 1911 609 1950 Hispania,
623 1915 767 1950 utraque
779 1907 902 1938 virtute
916 1905 1081 1945 Scipionis

383 1961 565 1993 debellata.
598 1961 720 1990 Clau-er.

430 2011 623 2049 Carthagine
637 2009 735 2048 victa]
762 2007 909 2040 Claverii
925 2006 1031 2037 codex
1047 2010 1083 2035 et

383 2061 513 2093 Thnan.
530 2060 639 2090 victor.
669 2060 710 2089 D.
728 2059 848 2088 Heins.

429 2113 470 2141 16
496 2109 588 2139 Hauc
604 2109 716 2138 uindex
739 2107 855 2146 patris]
880 2106 970 2135 Patri
987 2104 1083 2145 prim.

383 2160 499 2191 Vatic.
516 2163 549 2189 et
569 2158 721 2188 undecim
740 2157 808 2187 alii.
845 2157 940 2186 Idem.

433 2209 554 2241 Vindex
566 2207 681 2247 patris]
704 2208 834 2238 Novam
852 2216 892 2238 eo
908 2206 963 2236 die
979 2206 1082 2245 coepit

387 2269 453 2301 quo
469 2257 609 2298 appulit„
648 2257 764 2287 Barth.

585 166 728 197 NOTAE
762 164 1028 195 VARIORUM
1063 162 1114 193 IN
1148 162 1225 192 01..
1257 161 1441 191 CLAUD.
1474 160 1612 190 XXHI

1176 258 1215 286 17
1241 256 1366 286 Funera
1391 252 1476 292 belli]
1507 250 1750 283 Incredibilem
1779 251 1835 283 ho-

1132 306 1257 337 minum
1290 305 1394 336 Bellis
1430 303 1567 334 Punicis
1604 306 1841 342 peremturum

1132 354 1386 386 multitudinem
1403 353 1568 391 invenies,
1590 352 1617 382 si
1632 350 1834 382 subduxeris

1133 415 1321 436 numerum.
1358 405 1457 435 Idem.

1178 459 1216 487 18
1243 458 1374 495 cogeret
1401 457 1445 486 ire
1468 454 1567 494 rotas]
1596 452 1837 492 'I‘riumpharet

1134 508 1278 547 praelata
1294 505 1419 546 effigie.
1459 506 1556 535 Idem.

1175 560 1215 588 20
1241 557 1363 587 Martia
1389 555 1507 594 [aunis]
1536 555 1612 584 Non
1646 551 1839 592 Apollinea,

1133 618 1208 647 quae
1222 606 1373 643 solebat3
1399 606 1458 636 sed
1479 604 1618 642 Martia,
1635 604 1666 632 in
1693 602 1836 641 gratiam

1136 657 1295 687 *fictoris
1332 657 1428 686 Idem.

1176 709 1213 736 21
1243 707 1310 740 Quo
1333 705 1465 735 concidit
1489 703 1583 743 alter]
1609 703 1672 738 Qui
1690 701 1838 732 I‘ricoea-

1134 764 1216 784 nus:
1242 755 1317 792 lege
1333 755 1384 784 cui
1400 755 1546 784 concidit.
1586 755 1632 783 D.
1652 752 1772 782 Heins.

1176 806 1217 833 22
1241 803 1361 833 Saerior
1379 802 1572 841 Hannibale]
1591 801 1762 831 Hannibal
1777 810 1838 840 pro

1134 852 1344 883 atrocissimo
1371 852 1469 882 hoste
1505 851 1663 882 Romanis
1695 850 1840 881 Prover-

1135 903 1228 934 bium
1246 903 1318 943 ejus
1333 904 1405 934 loco
1420 902 1514 933 fecit.
1546 901 1732 933 Horatius:
1748 901 1757 918 ‘
1776 900 1840 932 Pa.

1136 955 1357 995 rentibusque
1397 953 1608 984 abominatus
1641 950 1827 983 Hannibal.

1134 1004 1253 1035 Barth.

1179 1055 1218 1083 23
1246 1054 1285 1083 Te
1302 1053 1378 1083 mihi
1392 1056 1461 1093 post
1476 1052 1612 1092 quintos]
1639 1051 1758 1086 Quinos
1775 1051 1843 1083 Ra-

1134 1103 1224 1143 phel.
1242 1104 1367 1143 placet.
1404 1104 1448 1134 D.
1468 1103 1581 1133 Heius.

1181 1154 1220 1184 Tc
1235 1154 1311 1184 mihi
1330 1157 1397 1194 post
1425 1151 1564 1193 quintos]
1589 1152 1640 1182 Ex
1669 1151 1720 1182 his
1747 1148 1839 1182 colli-

1133 1203 1224 1242 gitur
1247 1204 1472 1234 Claudianum
1497 1212 1516 1232 a
1543 1202 1730 1232 Consulatu
1755 1200 1838 1241 Oly-

1134 1254 1199 1284 brii
1226 1258 1261 1284 et
1287 1254 1441 1292 Probini,
1468 1263 1525 1283 seu
1550 1253 1656 1283 mavis
1684 1263 1703 1283 a
1728 1257 1838 1284 morte

1136 1304 1333 1342 Theodosii,
1357 1304 1414 1343 qni
1438 1304 1523 1334 obiit
1556 1303 1754 1341 Mediolani,
1779 1302 1841 1332 ibi-

1137 1353 1214 1383 dem
1242 1352 1446 1391 consedisse,
1473 1361 1513 1382 ac
1546 1353 1708 1382 recitasse
1732 1352 1841 1382 Pane-

1137 1411 1235 1443 gyres
1251 1403 1284 1433 in
1303 1402 1441 1432 tertium
1459 1411 1499 1432 ac
1515 1406 1671 1442 quartum
1694 1400 1841 1432 Honorii

1138 1454 1237 1484 Cons.
1261 1458 1296 1484 et
1320 1458 1492 1493 postremo
1516 1452 1685 1483 Theodori
1711 1452 1840 1491 Paueg.

1137 1504 1191 1534 Ne
1209 1503 1282 1544 quis
1307 1512 1385 1533 vero
1401 1502 1538 1533 fallatur
1560 1501 1730 1532 secundus
1752 1500 1843 1531 Stili-

1137 1553 1253 1583 chonis
1278 1552 1494 1590 Consulatus,
1521 1552 1579 1592 qni
1606 1561 1682 1582 cum
1711 1550 1841 1581 Anthe-

1137 1603 1204 1633 mio
1231 1602 1295 1632 fnit
1319 1601 1541 1642 quadriennio
1568 1606 1646 1641 post
1665 1601 1768 1637 hunc,
1783 1599 1840 1641 qul

1138 1653 1272 1693 quidem
1286 1656 1422 1683 secutus
1439 1656 1491 1682 est
1508 1650 1654 1682 Honorii
1670 1659 1720 1680 Vl.
1738 1650 1838 1681 Cons.

1137 1713 1226 1734 anno
1243 1705 1318 1734 ⁴105.
1353 1703 1475 1733 Cim-er.

1181 1755 1256 1784 Post
1295 1754 1433 1793 quintos]
1484 1752 1573 1782 Sane
1609 1750 1838 1792 quinquennio

1138 1810 1213 1844 post
1255 1804 1399 1843 primum
1440 1802 1578 1832 iteravit
1616 1801 1838 1832 Consulatum

1136 1856 1288 1885 Stilicho.
1313 1855 1427 1885 Romae
1444 1863 1523 1883 vero
1539 1852 1617 1882 ideo
1632 1851 1741 1882 medio
1754 1856 1839 1882 tem-

1136 1915 1218 1946 pore
1248 1904 1421 1935 desedisse
1452 1903 1676 1935 Claudianum
1711 1901 1840 1932 verosi-

1136 1955 1215 1985 mile
1233 1964 1297 1985 non
1321 1959 1385 1992 est,
1409 1954 1465 1994 qni
1485 1955 1547 1984 hoc
1574 1954 1646 1993 ipso
1663 1953 1841 1993 Epigram-

1136 2009 1224 2034 mate
1241 2003 1349 2034 innuit
1364 2013 1439 2034 sese
1461 2003 1716 2043 expeditionum
1734 2001 1839 2033 Belli-

1137 2064 1251 2084 earum
1276 2054 1455 2093 Comitem,
1481 2063 1557 2083 cum
1588 2062 1630 2083 eo
1661 2052 1696 2082 in
1719 2052 1837 2083 urbem

1137 2103 1276 2134 rediisse
1293 2109 1371 2143 post
1387 2103 1557 2133 victorias.
1593 2102 1708 2133 Barth.

1179 2157 1219 2184 24
1251 2153 1338 2184 Votis
1361 2153 1426 2183 suis
1452 2152 1572 2192 adesse]
1603 2153 1725 2183 Coram
1751 2151 1837 2191 ipsa,

1137 2205 1238 2244 inque
1260 2204 1334 2235 sinu
1361 2203 1442 2244 ojus,
1457 2203 1679 2234 Consulatum
1702 2209 1836 2242 gerere.

1139 2256 1236 2287 Idem.
