1763 3116
614 162 657 192 Et
669 161 874 192 DYLLIA.

25 267 80 289 ina
110 258 272 290 velocitas
301 256 480 288 Plioenicis.
526 255 602 287 Nec
625 256 724 287 dece„

26 308 82 340 bat
100 309 199 340 aliter
216 317 330 348 regem
345 308 530 338 volucrum.

72 359 158 395 Quas
178 359 305 389 caerulus
330 357 426 387 ambit
444 356 528 388 Rore
542 355 636 396 color]
661 357 725 387 Ore

26 407 60 439 in
77 408 252 439 nonnullis.
277 406 434 437 Bartbius
457 406 628 447 emendat,
651 416 725 446 quas

25 459 156 490 circulus
175 457 271 488 ambit
288 457 458 488 Floricolor
473 468 483 488 ,-
506 457 560 488 cui
583 457 725 497 castiga-

25 508 107 539 tioni
125 506 310 538 subscribo.
349 507 460 538 Flores
475 509 605 539 colorum
622 508 726 539 babes

25 557 58 587 in
75 557 338 597 Epigrammatis
358 568 365 588 ε
388 558 396 574 ‘
415 562 449 588 te
469 567 554 588 zona
569 558 654 597 liget
672 567 726 588 va-

23 607 110 638 riata
127 607 275 637 colorum
298 607 475 639 Floribus?
512 609 595 638 Mox
608 618 727 648 sparso-

23 667 78 697 que
89 657 192 696 simul,
215 667 280 688 non
305 668 396 698 super
413 660 476 699 pri.
494 659 679 690 Vaticanus
692 662 728 689 et

25 706 231 738 Oiselianns.
255 707 298 738 D.
310 707 424 738 Heius.

71 758 208 787 cremans
220 757 315 787 ambit
332 758 439 797 Flore]
470 758 615 799 Scripsit
632 759 728 790 Clau-

27 806 168 837 dianus:
211 808 397 838 Anterolant
423 809 582 849 Zephyros
611 819 730 849 peunoe,

27 866 99 896 quos
114 857 246 887 circulus
260 858 357 888 ambit
375 858 553 897 flora-olor,
568 869 730 899 sparsoque

26 915 115 945 super
129 907 254 937 ditescit
273 908 303 937 iu
329 917 412 937 auro.
458 908 613 939 Circulus
639 909 730 940 flori-

27 956 120 986 color
134 956 201 986 alas
217 956 385 987 Pboenicis
402 957 520 988 ambit.
544 959 661 990 Barth.

69 1007 110 1036 22
136 1005 290 1045 Ditescu]
315 1006 343 1036 Α
363 1007 472 1046 pretio
485 1009 616 1039 metalli
633 1010 730 1049 cnjus

29 1055 233 1087 colorinest.
267 1056 365 1088 Idem.

71 1107 112 1136 23
136 1105 202 1136 Hic
217 1116 311 1146 neque
336 1111 475 1147 concepto
483 1107 582 1148 foetu]
624 1110 731 1141 Conci-

26 1156 113 1197 pitur
133 1156 306 1188 Bartliius.
345 1157 446 1188 Forte
477 1163 649 1198 conceptus.
684 1161 730 1190 D.

29 1206 150 1238 Heins.

71 1257 138 1288 Hic
151 1268 243 1298 neque
259 1259 502 1300 conceptofoetu]
543 1260 650 1290 Nullo
676 1270 733 1299 pa-

29 1312 127 1338 rente
158 1309 236 1346 alio,
266 1310 329 1339 nisi
352 1310 407 1350 qui
426 1320 468 1340 ex
491 1310 589 1340 busto
605 1309 665 1341 fiat
682 1320 734 1340 su-

31 1362 163 1399 pei-stes
180 1359 212 1389 in
230 1369 350 1390 novam
367 1370 475 1398 avem,
504 1361 551 1391 sic
570 1361 735 1401 plerique.

32 1408 145 1440 Aliter
159 1414 270 1441 tamen
283 1410 352 1447 alii,
366 1420 442 1440 naui
453 1415 485 1440 et
499 1411 590 1440 nasci
606 1410 636 1439 in
651 1409 735 1440 Ara-

33 1459 90 1490 bia
118 1460 316 1491 Phoenicem
342 1461 388 1491 ait
405 1461 552 1499 Solinus,
575 1466 609 1490 et
628 1460 737 1490 Hero·

35 1509 153 1540 dotum
192 1511 301 1540 secuti
339 1510 408 1540 alii.
470 1510 511 1540 In
546 1509 737 1541 Claudiano

34 1560 134 1591 etiam
153 1570 268 1591 naevus
289 1566 353 1591 cst.
399 1561 543 1592 Scribe:
574 1562 636 1592 Hic
646 1571 738 1602 neque

34 1612 205 1651 concipitur
223 1611 318 1651 foetu,
333 1622 387 1643 uec
402 1613 515 1643 semiue
530 1613 651 1651 surgit;
676 1611 738 1643 Sed

30 1665 123 1702 pater
137 1665 181 1693 est
195 1663 356 1703 prolesque
371 1663 427 1693 sui.
473 1662 620 1702 Surgere,
644 1663 738 1699 oriri,

36 1712 188 1743 ultimam
207 1713 371 1752 originem
389 1712 542 1743 denotat.
566 1713 682 1743 Barth.

77 1766 118 1794 24
146 1764 242 1793 Pater
255 1766 300 1794 est
312 1764 468 1804 prolesque
477 1763 540 1803 sui]
571 1764 642 1793 Sibi,
659 1762 738 1794 Ald.

36 1814 189 1844 etmulti
215 1823 256 1843 ex
280 1814 429 1854 scriptis,
457 1814 545 1855 quod
572 1814 738 1854 probatur

36 1863 194 1894 Bartlii0:
231 1864 331 1895 aliter
359 1871 473 1896 tamen
500 1865 597 1904 prim.
623 1865 737 1895 Vatic.

38 1914 82 1944 D.
100 1914 210 1945 Heius.

83 1965 248 2005 l’rolcsque
272 1965 336 2005 sui]
387 1965 513 1996 Scitius
546 1965 741 2006 scripsisset

40 2014 110 2044 sibi.

84 2065 235 2105 Nullaque
244 2066 382 2105 creante]
400 2066 611 2097 Generante.
626 2067 741 2096 Barth.

84 2118 125 2146 27
152 2117 293 2156 Namque
327 2116 379 2146 ubi·
414 2117 495 2146 mille
523 2116 603 2155 vias]
647 2116 742 2146 AEtas

39 2165 192 2196 Plioeuici
206 2166 299 2196 unius
314 2167 473 2197 curriculi
486 2167 672 2197 constituta
685 2166 743 2196 du-

42 2217 95 2247 bia
111 2216 211 2247 estin
228 2217 465 2256 scriptoribus.
511 2218 608 2247 Mille
625 2217 743 2247 asserit

44 2266 258 2298 Claudianus.
305 2268 388 2298 Cuin
407 2276 446 2297 eo
473 2277 537 2297 non
557 2268 656 2307 pauci
670 2277 744 2297 sen-

44 2317 145 2348 tiunt.
168 2318 319 2348 Martial.
335 2318 393 2348 lib.
412 2328 440 2348 v.
459 2318 559 2358 Epig.
579 2321 609 2348 7.
635 2320 643 2334 ‘
657 2319 745 2350 Qua-

44 2367 123 2397 liter
144 2367 302 2406 Assyrios
331 2373 496 2398 renovant
525 2368 681 2399 incendia
697 2368 746 2398 ni-

46 2415 106 2447 dos
133 2416 209 2446 Uua
236 2416 353 2447 decern
378 2419 508 2458 quoties
530 2419 644 2449 secula
660 2419 747 2449 vixit

47 2465 141 2496 avis!
185 2467 389 2506 Pomponius
417 2469 532 2506 Mela;
560 2468 614 2498 ubi
631 2471 638 2484 ‘
654 2469 746 2508 quin-

49 2522 226 2557 gentorum
269 2527 429 2548 annorum
468 2528 540 2548 aevo
580 2524 748 2558 perpetua

49 2567 197 2604 duravit,
225 2568 285 2597 sibi
314 2568 388 2606 ipsa
420 2568 570 2603 incubat,
595 2568 748 2598 solvitur-

49 2617 138 2659 que.'
183 2617 313 2647 Auctor
349 2617 511 2657 Epistolae
546 2617 587 2647 ad
629 2617 749 2647 Praesi-

51 2668 163 2699 diam:
188 2668 197 2683 ⁴
215 2667 358 2697 Phoenix
385 2668 456 2697 avis
486 2672 536 2697 est
567 2667 687 2705 lndiae,
715 2674 750 2699 et

51 2729 113 2760 per
139 2719 341 2760 quingentos
372 2727 476 2748 annos
503 2718 544 2749 de
573 2718 698 2749 Libano
715 2729 751 2749 se

137 2772 252 2814 Delph.
265 2775 295 2802 et
319 2772 393 2803 Var.
412 2772 494 2803 Clas.

1365 157 1476 199 1697

773 256 895 297 implet
912 255 1131 296 aromatibus,
1151 259 1231 296 post
1257 259 1477 291 accenditur.’

775 305 939 338 Ovidius:
957 307 965 323 ‘
979 306 1044 337 Hae
1062 306 1118 337 ubi
1137 307 1285 347 quinque
1304 317 1372 337 sum
1390 319 1479 340 com-

774 356 881 396 plevit
903 357 1018 387 secula
1035 356 1128 394 vitae,
1146 357 1324 396 Unguibus
1340 362 1374 387 et
1392 358 1477 390 duro

774 407 888 437 nidum
919 407 982 437 sibi
1011 407 1178 438 construit
1201 407 1280 438 ore.'
1328 408 1478 439 Isidorus

776 456 906 497 Origin.
938 457 1023 488 libro
1055 466 1120 487 xn.
1145 460 1153 474 ‘
1173 457 1259 488 Haec
1285 458 1480 499 quingentis

776 507 866 537 ultra
895 507 990 537 annis
1020 507 1147 546 vivens,
1163 507 1285 538 iterum
1304 508 1346 539 de
1363 508 1484 539 cineri·

776 559 836 589 bus
852 558 1024 597 resurgit!
1059 559 1156 589 Idem.

820 608 963 648 Namque
992 608 1045 638 ubi
1069 609 1154 638 mille
1177 608 1242 638 vias
1256 609 1423 649 longinqua
1437 618 1483 640 re-

776 659 902 690 torserit
943 658 1050 698 aestos]
1097 658 1252 696 Longoeva
1295 659 1481 689 Vaticanus

778 710 1000 740 chartaceus:
1032 712 1108 739 aetas
1123 709 1225 740 etiam
1249 710 1376 749 primus
1394 710 1484 749 ejus·

779 759 855 790 dem
869 759 1088 790 bibliothecae
1104 770 1112 797 ;
1138 761 1195 790 sed
1214 759 1340 791 frustra
1357 765 1485 791 utrum-

779 820 854 850 qne.
873 819 1065 850 quanquam
1085 809 1261 840 Orientius
1280 812 1313 841 in
1331 811 1486 842 Commo·

778 860 923 890 nitorio:
948 861 956 877 ‘
971 861 1015 890 Et
1031 860 1120 900 quod
1138 869 1227 890 nunc
1251 865 1335 891 aetas
1359 861 1482 891 sensim

781 911 937 950 longaeva
969 909 1129 940 resolvit!
1181 911 1326 941 Scribe:
1351 912 1484 950 Jamque

781 959 833 989 ubi
857 960 939 989 mille
967 960 1047 989 vices
1076 960 1244 999 longinqua
1266 961 1429 991 retorserit
1445 971 1485 990 α’-

781 1012 866 1039 stas:
896 1009 1061 1048 longinqua
1086 1019 1148 1048 pro
1185 1011 1350 1048 Iongaeva,·
1384 1016 1421 1041 ut
1449 1011 1484 1041 in

783 1059 838 1089 illo
850 1059 1038 1098 Virgiliano
1053 1059 1214 1090 AEneidos
1237 1069 1294 1090 111.
1317 1060 1325 1075 ¹
1339 1061 1484 1091 Tantum

783 1109 845 1140 aevi
871 1109 1059 1150 longinqua
1090 1110 1183 1140 valet
1211 1115 1342 1141 mutare
1373 1114 1488 1141 vetus-

785 1160 860 1191 tas!
883 1160 928 1190 D.
944 1159 1057 1191 Heius.

828 1213 868 1241 28
896 1211 951 1241 Tot
970 1210 1096 1248 fuerint
1123 1210 1260 1251 hyemes]
1308 1211 1489 1242 Terruerint

789 1261 906 1291 decem
924 1261 1072 1292 codices.
1133 1260 1316 1291 corruerint
1342 1261 1488 1293 Putean.

788 1311 937 1341 Florent.
952 1311 986 1341 S.
1005 1310 1175 1349 Marci,et
1187 1310 1253 1340 duo
1269 1310 1365 1342 Vati.
1403 1311 1490 1341 Hor-

786 1360 917 1390 ruerint.
952 1360 1045 1399 Lege
1071 1362 1117 1389 tot
1142 1360 1262 1390 ruerint
1289 1369 1365 1391 cum
1389 1360 1491 1401 Aldu,

788 1411 945 1447 Lucensi,
965 1410 1135 1440 Vaticano
1160 1410 1356 1449 chartaceo,
1372 1411 1429 1451 qui
1445 1421 1489 1441 ex

789 1460 970 1490 veterrimo
997 1459 1187 1499 descriptus
1210 1465 1274 1500 est,
1297 1465 1332 1491 et
1349 1465 1493 1501 quatuor

791 1510 877 1539 aliis.
908 1519 986 1539 mox
1014 1510 1141 1539 totidem
1170 1520 1270 1550 quarn
1285 1511 1378 1542 toties
1394 1511 1492 1543 malo.

790 1560 887 1590 Idem.

832 1612 873 1640 30
900 1610 1035 1640 Tandem
1064 1608 1278 1649 subjungitur]
1314 1611 1492 1650 Subditur,

789 1660 960 1698 vincitur;
985 1660 1079 1700 quasi
1103 1665 1270 1700 perpetuo
1297 1671 1373 1692 curn
1390 1666 1493 1692 aetate

788 1710 989 1749 certamine,
1001 1713 1143 1740 eatenus
1157 1709 1384 1742 indomabilis.
1410 1711 1495 1742 Bar-

789 1760 885 1791 thius.

833 1810 1046 1850 Subjungitur
1075 1810 1179 1850 minis]
1203 1810 1258 1841 Ita
1281 1811 1400 1851 scripti
1417 1820 1495 1842 con-

791 1866 935 1899 stanter,
983 1870 1185 1901 quamquam
1225 1861 1400 1899 mendose,
1446 1860 1497 1892 uti

790 1912 962 1951 ¹scaligero
976 1911 1079 1941 visum
1099 1922 1106 1940 :
1126 1912 1187 1941 nisi
1204 1912 1292 1951 quod
1308 1913 1497 1943 Vaticanus

791 1963 991 1992 chartaceus
1031 1961 1224 1999 subducitur,
1259 1962 1347 2002 quod
1379 1972 1496 1994 verum

793 2013 925 2052 opinor.
961 2011 1145 2049 Vulgatuni
1164 2022 1205 2042 ex
1223 2012 1278 2041 illo
1297 2013 1497 2043 Maroniano

794 2067 909 2093 tuetur
941 2062 1125 2092 Bai-iliius:
1159 2064 1168 2078 ‘
1190 2063 1283 2092 Nulli
1322 2062 1372 2092 fas
1408 2063 1499 2093 Italo

795 2118 925 2144 tantam
939 2113 1145 2152 subjungere
1160 2113 1318 2151 gentem!
1331 2113 1374 2144 D.
1387 2113 1500 2144 Heius.

838 2167 875 2194 31
902 2164 1087 2194 Lustrorum
1107 2173 1232 2194 numero
1260 2163 1375 2203 rictus]
1420 2164 1499 2194 Non

795 2215 941 2245 domitus
957 2214 990 2244 in
1009 2214 1201 2244 universum
1218 2213 1249 2243 in
1268 2213 1500 2253 abolitionem,

795 2264 853 2295 sed
872 2269 1064 2304 stipei·atiiS‚
1097 2269 1134 2294 ut
1151 2264 1335 2295 decederet
1353 2264 1500 2295 statione

796 2321 829 2345 et
847 2320 1074 2354 repararetur.
1100 2314 1155 2345 Sic
1169 2321 1343 2344 senectam
1361 2314 1498 2345 vincere

798 2367 995 2396 Plioenicein
1011 2365 1197 2404 scriptores
1209 2366 1315 2396 aiunt.
1339 2365 1458 2395 Barth.

841 2419 882 2448 :32
911 2416 1034 2447 Vertit-e
1050 2415 1155 2455 pinus]
1182 2416 1325 2446 eulmine
1342 2414 1420 2445 Ald.
1438 2415 1502 2445 Lu-

798 2478 889 2500 ccns.
906 2474 939 2498 et
954 2467 1104 2497 sedecim
1124 2467 1191 2496 alii.
1218 2467 1261 2497 D.
1282 2466 1392 2496 Heius.

843 2521 884 2548 36
906 2518 981 2548 Jam
996 2517 1099 2556 breve]
1121 2517 1255 2556 Jamque
1277 2517 1326 2546 uhi
1357 2513 1501 2555 Gyrald.

800 2577 834 2601 et
853 2570 995 2600 Luceus.
1021 2578 1096 2599 cuiu
1118 2569 1281 2598 vaticano
1298 2568 1475 2597 chartaceo
1494 2576 1500 2594 2

801 2620 891 2651 forte
913 2621 980 2658 jum
1009 2620 1080 2650 sibi.
1106 2620 1175 2650 Pro
1197 2620 1284 2648 stilla
1314 2628 1389 2648 niox
1413 2616 1503 2646 stella

802 2670 937 2710 quidam
951 2670 1026 2700 libri
1043 2675 1100 2705 ;ut
1113 2669 1244 2698 stellam
1256 2668 1369 2698 oculos
1384 2669 1501 2695 vocet:

802 2721 1002 2750 chartaceus
1020 2717 1218 2748 Hafniensis
1234 2718 1311 2748 stela
1326 2726 1336 2751 ;
1358 2714 1417 2745 scd
1432 2715 1505 2744 stet-

734 2774 845 2804 Claud.
1344 2772 1361 2798 5
1388 2767 1417 2799 P
