1763 3116
439 184 491 215 IN
528 183 817 215 EUTROPIUM
854 182 1032 213 LlB.11.

53 278 222 310 Abundans
238 278 395 319 Corporis]
418 277 447 309 A
465 278 649 309 crebritate
662 282 709 309 ta-

10 329 89 360 lium
108 329 248 360 Romani
263 329 446 368 scriptores
462 337 621 367 magnum
646 337 707 368 pro

7 379 128 410 stolido
145 378 275 409 homine
292 382 438 408 sumunt.
462 377 578 409 Barth.

52 432 114 460 382
138 428 276 459 Pectinis
305 427 392 467 uriel]
441 428 534 458 Uncti
563 428 707 468 Gyrald.

8 480 150 510 Lucens.
170 483 204 508 et
219 478 311 517 prior
328 478 479 508 Moreti:
504 478 581 508 vide
609 483 707 508 notas

7 528 65 558 lib.
93 537 116 559 1.
141 531 214 558 276.
240 527 404 558 Mazarin.
428 529 525 559 uacci.
548 528 706 560 Juvenali

6 582 119 610 tamen
132 579 202 609 Sat.
217 588 280 609 v11.
304 579 459 619 obliquum
475 579 600 616 serranz
617 579 704 609 simi-

5 628 104 660 liter:
130 630 138 646 ‘
153 630 219 661 Qui
246 629 347 660 docet
370 629 503 670 obliquo
520 631 631 660 lanam
649 630 705 660 de-

6 679 129 710 ducere
147 678 238 710 ferro
251 679 274 710 τ’
299 689 402 719 quare
418 680 463 710 nil
484 680 705 711 mutandum:

6 730 108 770 paulo
145 734 222 760 ante
250 730 365 769 lingua:
397 740 458 770 pro
495 730 603 770 lingua
631 740 706 761 cuin

7 779 154 819 scriptis.
179 781 220 811 D.
233 780 344 810 Heius.

49 833 109 861 385
127 831 302 862 Producere
318 830 426 870 rimas]
442 831 604 862 Deducere
616 831 708 871 prior

7 879 135 911 Morcti
152 886 186 911 et
204 885 284 912 tcrt.
309 882 507 912 Vaticanus.
536 886 707 923 utrunque

4 929 157 969 probum.
180 930 279 960 Idem.

50 980 224 1010 Producere
252 980 362 1019 rimas]
410 980 574 1011 Carminis
602 981 706 1012 ferrei

3 1028 202 1070 descriptio,
219 1029 261 1060 ad
287 1030 497 1060 nitidandam
522 1035 557 1061 et
582 1031 704 1071 produ-

5 1079 147 1110 cendam
175 1080 298 1119 lanam,
315 1079 403 1121 quod
432 1081 610 1111 carminari
636 1080 706 1111 dic-

5 1134 76 1160 tum
92 1129 211 1161 scribit
229 1130 276 1161 M.
293 1131 415 1167 Varro,
431 1130 490 1161 lib.
503 1139 553 1160 vr.
577 1130 618 1161 de
636 1131 705 1162 LL.

7 1180 85 1221 quia
111 1190 152 1211 ca
170 1190 234 1220 ope
251 1185 366 1212 careat
392 1182 469 1213 lana
494 1181 583 1222 quod
610 1182 643 1212 in
667 1192 707 1213 ea

7 1240 152 1272 nequam
169 1231 222 1262 sit.
247 1232 362 1262 Barth.

48 1284 110 1312 386
134 1281 221 1320 Ajax
236 1285 301 1312 erat
322 1282 483 1322 Eutropii]
518 1282 622 1323 Cujus
646 1282 707 1313 sub

5 1331 126 1372 clypeo
140 1331 196 1361 ille
213 1341 286 1361 sese
304 1331 456 1371 tegebat,
470 1341 536 1362 non
553 1332 653 1363 aliter
669 1342 708 1362 ac

6 1382 140 1412 Teucer
154 1381 214 1411 sub
240 1380 356 1411 fratris
384 1382 512 1420 Ajacis.
558 1383 709 1412 Utivero

7 1441 81 1473 quae
99 1431 139 1461 ad
159 1431 300 1461 Hosinm
317 1431 525 1469 superiorem
543 1432 656 1461 omnia
668 1432 709 1462 de

6 1482 119 1513 culina
147 1480 264 1521 petitis
291 1479 404 1509 verbis
433 1479 631 1519 edisseruit,
660 1482 708 1512 sic

5 1541 94 1563 nunc
125 1529 264 1560 lanificii
294 1538 397 1569 opera
423 1534 458 1560 et
484 1530 708 1561 instrumenta

5 1581 176 1623 producit.
201 1581 297 1611 Idem.

46 1634 109 1662 390
134 1630 292 1669 Exsurgit
308 1630 444 1671 tandem]
466 1630 624 1670 Adsurgit
641 1640 708 1661 me-

5 1683 117 1721 liores,
140 1686 175 1712 et
193 1686 307 1712 recte:
331 1681 409 1722 quia
425 1682 580 1721 expromit
597 1682 708 1722 sequi-

5 1738 68 1765 tur.
93 1733 137 1764 D.
162 1733 275 1764 Heius.

47 1786 108 1814 393
139 1783 275 1813 Gliscere
290 1781 424 1822 desidia]
448 1781 622 1814 Gliscendi
643 1783 706 1814 eti-

5 1843 56 1864 am
72 1833 211 1864 verbum
229 1843 270 1864 ex
287 1842 389 1874 opere
407 1837 470 1864 est.
507 1835 599 1865 Lana
615 1834 705 1865 enim

3 1884 128 1924 gliscit,
144 1888 300 1923 angetur,
314 1883 526 1925 producitur,
541 1885 619 1915 dum
632 1894 706 1915 car-

3 1933 162 1965 minatur.
186 1934 303 1965 Barth.

46 1986 109 2015 399
136 1984 342 2024 Targibilum]
360 1985 467 2016 Manu
481 1984 614 2016 exarati
630 1985 706 2015 Tar-

3 2034 132 2074 bigilum
160 2036 212 2066 vel
254 2036 462 2075 Trabigilum.
520 2035 706 2075 Tribigilum

3 2083 112 2115 videri
133 2084 314 2125 legendum
345 2090 381 2116 et
410 2085 615 2124 Gruthungos
629 2095 705 2116 cum

3 2134 191 2175 Gyraldino
216 2139 250 2164 et
275 2135 419 2165 Lucensi
436 2135 564 2166 dictum
582 2145 705 2175 supra:

1 2184 146 2215 timidum
163 2185 278 2224 etiam,
304 2194 369 2215 non
387 2186 541 2216 tumidum
558 2195 610 2227 pr.
626 2186 706 2217 vat.

2 2237 124 2278 aliique
142 2237 251 2268 multi.
278 2238 318 2268 D.
333 2237 445 2268 Heius.

44 2289 105 2317 403
133 2287 265 2317 Consilii
280 2287 408 2327 clamor]
444 2287 575 2318 concilii
592 2287 706 2318 melio-

3 2346 56 2367 res
73 2337 211 2377 scripti:
231 2348 292 2378 pro
309 2338 408 2369 caveis
424 2348 501 2368 mox
518 2339 622 2370 cuneis
638 2348 706 2370 sec.

2 2387 112 2419 Vatie.
126 2393 160 2418 et
176 2387 290 2420 Palat.
307 2398 382 2419 cum
400 2389 508 2429 primo
536 2389 707 2421 Mediceo.

6 2436 102 2469 Idem.

44 2489 104 2517 407
129 2487 425 2528 Infaustoquejubet
443 2488 558 2520 bubone
572 2489 704 2530 moveri]

6 2538 82 2568 Non
97 2539 266 2580 infestoque
282 2541 426 2581 Gyrald.
442 2541 565 2582 Isingr.
590 2543 704 2573 Vatic.

6 2589 150 2618 Lucens.
164 2591 331 2631 quomodo
346 2596 380 2622 et
395 2592 649 2633 Raphelengius
662 2593 706 2623 le-

6 2637 151 2679 gendum
163 2639 258 2672 vidit.
272 2642 316 2673 D.
334 2642 446 2674 Heius.

48 2690 109 2719 408
139 2687 298 2731 volucres]
327 2691 460 2724 Pabula
489 2693 629 2725 daturos
657 2692 706 2725 di-

1349 173 1462 215 1493

761 278 809 309 cit
847 276 972 308 milites
1007 275 1197 308 vulturibus
1229 276 1262 307 in
1300 277 1461 318 Phrygia.

761 328 878 359 Barth.

802 380 865 408 409
884 377 1015 408 Pulcher
1030 380 1059 408 et
1078 376 1161 417 urb.]
1178 377 1339 407 Declarat
1355 377 1463 407 molli·

760 427 840 458 tiem
855 427 975 458 ducum
993 427 1159 468 ejusmodi
1177 432 1213 458 et
1236 427 1462 467 militum,qui

759 477 879 508 umbra
900 482 935 508 et
958 478 1040 509 urbe
1059 478 1181 518 potius,
1210 488 1308 519 quam
1325 479 1403 509 Sole
1427 482 1464 508 et

759 529 898 568 pulvere
915 529 1150 567 delectentur3
1175 539 1277 570 quum
1293 533 1380 560 teste
1396 529 1463 559 Ve-

758 579 862 619 getio,
878 578 1050 609 exercitus
1067 579 1214 619 dicatur,
1230 579 1320 620 quod
1343 579 1463 611 melior

757 629 818 661 fiat
833 630 1037 661 exercendo.
1062 631 1184 660 Clarer.

801 683 862 711 411
888 681 1084 720 Multumque
1097 680 1199 719 priori
1213 680 1349 720 Dispar]
1372 680 1462 710 Eun-

760 730 836 761 dcm
865 730 950 761 dicit
979 740 1052 761 esse
1085 730 1272 761 exercitum
1304 740 1405 771 quem
1430 730 1463 760 in

761 780 942 811 Orientem
959 780 1126 812 ducturus
1143 781 1285 811 Stilicho
1303 780 1462 812 deserere

753 830 939 871 jubebatur
968 831 1010 861 ab
1038 830 1196 869 Arcadio,
1222 840 1321 871 quam
1346 831 1464 861 Histo-

761 880 842 910 riam
861 889 900 911 11.
918 880 950 910 in
963 879 1122 911 Rufinum
1133 880 1339 921 descriptam
1348 879 1463 918 habes,

759 930 818 960 sed
836 930 976 960 mirifice
1001 930 1063 959 sub
1090 930 1215 960 talibus
1242 929 1465 960 moderatori-

760 980 821 1010 bus
841 979 1085 1010 effoeminatum
1112 983 1148 1008 et
1173 978 1355 1018 disciplina
1380 978 1466 1009 mili-

760 1029 823 1060 tari
841 1033 993 1059 exutum.
1017 1028 1132 1058 Barth.

801 1083 864 1111 414
904 1078 1059 1119 Hebrum]
1100 1078 1356 1109 Debellatarum
1388 1087 1464 1108 cum

757 1129 947 1160 Theodosio
970 1128 1148 1159 stilichoni
1165 1127 1388 1157 Thraciarum
1405 1136 1465 1158 sae—

759 1179 899 1220 pissime
915 1178 1068 1209 meminit
1083 1178 1138 1208 hic
1155 1176 1275 1207 Poe'ta.
1300 1177 1399 1207 Idem.

801 1232 867 1260 416
889 1229 1110 1269 Ancyranique
1139 1226 1306 1267 triumphi]
1353 1226 1465 1267 Supra

759 1279 818 1310 lib.
832 1280 907 1318 hoc,
934 1282 988 1309 96.
1013 1279 1078 1308 iter
1094 1278 1157 1308 hoc
1182 1276 1340 1317 Eutropii
1357 1277 1467 1307 solen-

759 1341 802 1361 ne
828 1330 1004 1369 describit,
1039 1329 1129 1360 unde
1160 1327 1466 1369 triumphabundus

761 1381 912 1412 redierit.
958 1381 1090 1411 Habuit
1108 1381 1257 1421 speciem
1275 1379 1465 1420 expeditio-

760 1431 811 1460 nis
828 1431 883 1460 illa
907 1429 1091 1470 profectio,
1119 1434 1155 1460 ut
1177 1431 1284 1470 liquet
1301 1440 1343 1461 ex
1359 1430 1466 1461 omui-

761 1479 822 1509 bus
840 1479 961 1520 quibus
989 1479 1209 1519 describitur,
1233 1490 1274 1510 ne
1302 1480 1465 1512 videlicet

760 1530 933 1559 exercitus
951 1530 1121 1560 Romanus
1140 1535 1209 1560 tam
1236 1531 1381 1562 strenuis
1404 1531 1465 1562 du-

759 1578 853 1609 cibus
870 1583 1095 1619 torpesceret.
1121 1579 1218 1611 Idem.

800 1632 863 1660 >117
889 1630 960 1659 Non
980 1630 1127 1670 peditem,
1151 1630 1220 1670 δῖα]
1270 1631 1337 1662 Hic
1366 1637 1466 1665 notat

759 1680 966 1721 imperitiam
981 1681 1106 1711 ducum
1120 1680 1324 1722 Eutropiani
1337 1683 1468 1714 exerci-

759 1736 811 1762 tus
828 1741 846 1761 a
863 1732 977 1762 Leone
993 1732 1114 1772 supino
1141 1736 1176 1762 et
1198 1741 1312 1763 crasso
1328 1733 1464 1764 homine

758 1783 885 1822 educti,
915 1782 973 1813 ubi
1004 1783 1117 1814 omnia
1154 1782 1358 1824 indisposita
1397 1783 1464 1825 (sic

757 1833 847 1864 enim
867 1832 1025 1873 Tacitus)
1053 1833 1241 1873 pervigiliis
1257 1838 1293 1865 et
1312 1835 1466 1866 Baccha-

757 1883 904 1922 nalibus,
931 1893 1029 1924 quam
1058 1883 1248 1924 disciplinae
1275 1889 1310 1916 et
1341 1885 1463 1916 castris

757 1934 929 1975 propiora.
955 1933 1076 1965 Claver.

800 1987 860 2015 421
889 1985 994 2024 Opaca
1021 1984 1192 2024 vagantur]
1219 1984 1338 2024 Operta
1362 1985 1463 2025 prim.

756 2035 871 2066 Vatic.
900 2039 933 2064 et
951 2044 1012 2074 pro
1041 2037 1194 2074 vagantur
1225 2034 1352 2074 primus
1368 2035 1464 2066 Med.

757 2091 793 2118 et
810 2085 1096 2124 Palat.feruntur,
1111 2091 1146 2116 et
1163 2095 1223 2126 pro
1245 2085 1361 2126 passim
1378 2095 1464 2116 unus

759 2136 1024 2177 Amb.sparsim;
1048 2136 1137 2178 quod
1153 2137 1266 2176 placet
1282 2148 1288 2167 2
1316 2137 1465 2178 denique

758 2187 881 2227 ignotas
910 2190 1054 2226 augusto,
1076 2196 1143 2217 nou
1167 2190 1318 2226 angustas
1344 2187 1464 2227 ignoto,

759 2239 913 2278 potiores
931 2238 1064 2278 scripti.
1092 2238 1196 2275 Puto,
1213 2238 1335 2277 ignotos
1350 2248 1466 2277 ungus-

758 2290 790 2318 το
831 2288 958 2319 tramite
1002 2288 1111 2318 calles.-
1153 2292 1189 2318 ut
1218 2287 1308 2328 apud
1341 2287 1465 2328 Vir-gil.

759 2340 768 2355 ‘
787 2339 1006 2380 praedamque
1025 2348 1086 2379 per
1102 2338 1223 2369 herbas
1249 2338 1466 2370 Convectant

758 2389 845 2420 calle
858 2388 1026 2429 angusto.’
1050 2389 1093 2420 D.
1111 2388 1226 2420 Heius.

799 2443 862 2471 423
887 2439 941 2470 Sic
957 2439 1044 2470 vacui
1057 2439 1187 2470 rectoris
1200 2439 1286 2480 equi]
1308 2438 1364 2470 Ab
1377 2448 1464 2481 equo

758 2495 792 2521 et
809 2490 944 2530 navigio
961 2489 1058 2520 ducit
1075 2489 1239 2520 rationem
1254 2500 1263 2527 ;
1287 2499 1352 2520 non
1366 2498 1465 2530 posse

758 2540 829 2571 sine
848 2545 982 2570 rectore
1000 2539 1138 2571 sollerte
1167 2545 1203 2571 et
1230 2539 1371 2572 efficace
1389 2539 1463 2579 regi

756 2591 959 2622 exercitum.
982 2591 1100 2622 Barth.

800 2642 854 2673 Sic
879 2642 954 2673 orba
975 2641 1142 2682 magistro]
1190 2642 1348 2682 ilIagistri
1379 2649 1464 2671 unus

757 2693 916 2725 Aiubros.
943 2698 979 2725 et
1007 2693 1229 2725 Pricaeauus:
1263 2692 1311 2723 sie
1339 2689 1467 2721 [natiuis
