1763 3116
396 190 447 220 IN
483 187 774 220 EU‘rROPmM
809 188 905 219 LIB.
940 188 994 219 11.

0 281 154 314 videlieet
176 283 409 324 provocabant
424 283 458 313 in
474 292 510 314 se
534 281 694 324 perditis-

34 386 97 415 337
123 383 276 423 Onerique
302 383 348 413 vel
370 383 436 423 ipsa
453 382 576 423 Serica]
606 383 692 414 Tam

0 440 141 472 teneros,
156 433 278 473 inquit,
295 432 393 464 luxus
409 439 444 464 et
461 434 592 464 deliciae
605 435 693 474 plus-

0 492 89 523 quam
113 482 295 513 muliebres
313 481 496 522 faciebant,
524 488 561 514 ut
589 484 699 515 etiam¹

0 540 146 562 ›nerosas
175 536 337 572 putarent
365 533 427 564 sibi
450 533 583 564 Sericas
600 533 691 573 ipsas

0 585 111 619 restes,
141 582 328 622 quamlibet
358 583 580 615 tenuissimas.
635 584 691 615 Sic

0 630 299 673 luvenaliS‚Satyr.
316 642 364 664 vr.
386 633 501 664 ‘tenui
519 633 642 665 sudant
657 634 691 664 in

0 681 141 722 ·yclade‚
156 692 295 722 quarum
308 683 461 715 Delicias
478 688 514 715 et
530 685 690 724 pannicu-

1 741 36 762 us
53 731 275 772 bombycinus
292 733 381 765 urit.'
405 735 503 765 Idem.

29 783 92 812 338
116 782 172 812 Sin
200 782 337 814 Hunnus
358 783 477 824 feriat]
502 785 540 816 Si
564 786 690 816 Chunus

0 838 131 871 luatnor
151 834 289 873 scripti:
316 839 429 865 recte:
457 835 601 875 populus
613 835 691 866 Sar-

0 883 112 921 natiae,
130 884 250 914 Chuni.
276 885 497 924 Ptolemaeus,
516 885 640 925 Μεταξὺ
655 885 689 916 δὲ

0 931 167 971 Βαστάρνων
187 932 236 963 καὶ
250 932 437 972 Ῥοξολάνων
452 935 565 965 Χοῦνοι
581 946 587 965 ;
614 945 687 965 nos-

1 990 37 1011 er
50 982 105 1012 lib.
123 991 146 1012 1.
162 982 203 1013 de
220 982 351 1013 Stilicli.
375 984 384 998 ⁴
404 984 481 1014 Non
500 993 584 1024 vaga
601 985 688 1015 Cliu-

0 1039 100 1061 =orum
117 1030 235 1062 feritas
251 1031 270 1062 ι’
289 1041 364 1072 quae
377 1041 456 1063 vera
469 1033 592 1065 lectio:
619 1043 686 1064 me-

0 1080 153 1111 oineruut
168 1082 286 1112 horum
299 1081 467 1113 Ausonius
480 1088 516 1114 et
526 1084 686 1115 Sidonius

0 1128 193 1169 &pollinaris
219 1141 285 1162 non
311 1133 429 1163 semel.
447 1133 545 1173 prim.
570 1133 684 1165 Vatic.

0 1180 107 1221 ‚nique
125 1182 330 1213 nonnullisic
346 1183 453 1214 hunus.
495 1184 542 1214 D.
564 1184 684 1215 Heius.

25 1233 88 1261 339
112 1231 243 1262 Romam
268 1236 461 1264 contemnere
489 1233 585 1273 sueti]
629 1234 685 1264 Ob

0 1290 90 1312 nares
122 1282 194 1322 ejus
226 1284 363 1314 animos.
408 1285 523 1315 Talem
554 1284 686 1316 faciunt

0 1333 132 1362 :onnulli
158 1333 346 1364 Honorium
372 1336 514 1366 Romam
535 1341 686 1367 contem-

0 1386 133 1419 1entem,
148 1383 261 1413 Ludos
291 1394 366 1414 cum
394 1385 495 1415 Gallo
517 1386 686 1415 aestiman—

1 1439 64 1462 em.
88 1431 205 1462 Barth.

24 1482 87 1510 340
110 1481 213 1510 Auuit
241 1481 335 1521 aedes]
357 1482 411 1513 Sic
428 1482 624 1522 scripsimus
641 1493 684 1514 ex

0 1529 134 1569 *estigiis
165 1530 288 1571 Isingr.
318 1537 352 1562 et
382 1532 564 1563 Tholosaui
593 1533 684 1564 codi-

2 1588 78 1616 um;
104 1579 136 1609 in
153 1580 274 1620 quibus
290 1581 410 1611 abluit.-
432 1582 522 1623 quod
540 1590 576 1613 et
594 1583 683 1613 Livi-

4 1630 57 1659 eio
86 1629 296 1671 Bartbioque
321 1632 440 1663 visum.
498 1632 567 1663 Alii
590 1633 681 1672 libri,

0 1678 122 1719 bstruit,
145 1680 281 1720 horruit,
298 1681 410 1713 obluit.-
434 1683 556 1713 horruit
577 1684 682 1714 etiam

0 1728 78 1759 rim.
90 1735 127 1767 et
143 1735 221 1762 tert.
247 1732 401 1763 Vaticani
417 1743 424 1763 :
450 1734 550 1774 vulgo
566 1734 682 1766 obruit.

0 1779 146 1812 'rudent.
158 1782 166 1798 ‘
177 1782 354 1822 Sospitant
365 1783 421 1824 qui
433 1793 522 1814 nunc
533 1785 684 1823 colonos,

3 1839 61 1860 uos
82 1830 229 1862 Hiberus
244 1832 362 1865 alluit.’
396 1834 505 1866 Paulo
523 1841 602 1866 ante
620 1845 682 1875 pro

0 1889 71 1910 :enae
87 1881 231 1922 Gyrald.
258 1884 415 1916 Vatican.
443 1885 568 1926 aliique
584 1886 683 1916 multi

0 1940 78 1962 oenae.
102 1931 144 1962 D.
164 1933 283 1964 Heius.

19 1975 80 2003 341
105 1976 355 2017 Aurigarumque
377 1977 488 2018 periti]
520 1978 682 2018 Autrigon-

0 2022 67 2063 ique
82 2033 166 2056 unns
190 2026 284 2057 Med.
311 2032 347 2058 et
374 2027 521 2059 Claverii
547 2029 678 2059 codex:

0 2073 68 2104 uod
84 2075 139 2105 ille
163 2075 290 2107 frustra
311 2078 460 2110 damnat.
506 2079 680 2119 Lamprid.

0 2122 158 2164 [eliogab.
181 2127 189 2142 ‘
208 2125 292 2157 Inde
318 2127 402 2158 itum
427 2133 481 2159 est
505 2129 537 2159 in
554 2129 679 2169 hortos,

0 2172 32 2203 bi
48 2174 170 2205 Varius
198 2176 371 2208 invenitur
398 2185 572 2210 certamen
592 2181 680 2210 auri-

0 2223 78 2254 andi
109 2227 256 2265 parans.'
281 2228 405 2260 Posset
431 2234 466 2260 et
491 2230 570 2270 legi,
587 2234 679 2271 atque

0 2273 121 2313 urigare
130 2277 246 2315 perit&
261 2279 325 2317 vel,
337 2280 551 2320 navigat-ique.
569 2281 678 2313 Idem.

17 2324 388 2370 Aurigammqueperiti]
413 2330 519 2361 Gnari
535 2336 570 2362 et
581 2331 678 2362 intel·

3 2379 121 2413 gentes
140 2378 213 2417 quis
237 2379 364 2420 auriga,
389 2380 483 2420 cujus
508 2380 677 2421 factionis,

1 2431 42 2453 uo
73 2425 211 2458 alterins
243 2429 286 2460 sit
317 2431 544 2469 praestantior.
592 2432 677 2463 Haec

0 2472 26 2502 it
43 2476 153 2507 studia
167 2477 284 2520 fuisse,
299 2480 385 2511 hanc
403 2481 618 2521 disciplinam
635 2483 676 2512 ab

0 2530 113 2556 leunte
135 2528 262 2561 horum.
306 2531 534 2563 Heroi‘corum
554 2533 677 2564 Proce-

0 2581 63 2602 nm.
91 2575 205 2609 Barth.

19 2624 83 2653 342
107 2625 229 2659 Humili
252 2632 289 2661 de
309 2632 410 2672 plebe]
433 2634 489 2664 De
515 2634 677 2665 extremis

0 2671 132 2704 ardibus
145 2682 180 2706 et
194 2682 360 2713 natalibus
375 2693 510 2724 prorsus
523 2686 676 2717 obscuris

0 2721 101 2754 levati
115 2724 148 2754 in
165 2726 278 2760 Duces
295 2731 492 2775 Legionum,
508 2736 675 2768 Numero-

0 2780 62 2815 um,
76 2775 141 2808 &c.
165 2777 265 2811 Idem.

1338 182 1356 222 1
1366 183 1449 224 491

787 284 849 314 343
876 282 978 313 Crura
1003 281 1148 324 liz-entia]
1186 283 1331 314 Ovidius
1346 293 1386 315 11.
1406 286 1451 317 Α.

746 341 901 362 morum:
937 333 946 349 ‘
962 332 1042 363 Vidi
1070 342 1134 372 ego
1158 333 1381 373 compedibus
1414 336 1452 365 li-

746 382 863 412 ventia
879 391 978 412 crura
991 381 1190 421 gerentem?
1214 382 1313 413 Idem.

788 433 850 461 344
874 431 973 471 Jura]
1013 431 1248 471 Magistratus,
1288 432 1454 473 Imperia,

744 481 893 514 Judicia.
919 481 1016 512 Idem.

787 534 851 563 346
874 531 990 571 Hosio]
1024 531 1150 563 Omnia
1181 533 1271 563 enim
1300 532 1384 573 agit,
1413 536 1452 564 ut

744 582 886 613 Hosium
903 583 991 614 hunc
1009 582 1051 613 de
1069 584 1225 624 Coquina
1240 583 1281 614 ad
1298 583 1445 624 dignita-

744 637 796 664 tes
809 633 951 669 venisse,
974 633 1148 672 ostendat,
1171 643 1271 674 quem
1299 638 1335 664 et
1352 643 1452 665 voca-

743 683 830 714 bulis
843 684 916 724 ejus
929 685 1096 715 concinne
1114 684 1240 715 adurit.
1265 684 1366 715 Idem.

795 732 938 764 Sulmiaea
980 733 1126 773 secundo]
1194 734 1274 765 Non
1315 734 1450 764 secunda

742 784 899 814 meliores
924 784 1020 815 libri:
1065 783 1189 815 deinde
1220 793 1282 824 pro
1313 784 1450 815 Dulcior

742 833 791 864 hic
804 843 878 864 sane
901 835 1030 873 cunctis,
1053 844 1112 865 sex
1139 838 1274 865 veteres
1298 834 1452 870 Doctior,-

742 883 832 923 quod
851 884 1071 923 praetulerim,
1097 884 1215 915 Doctus
1239 884 1379 914 movendi
1395 884 1450 922 ju-

740 932 802 962 ris.-
828 932 928 962 etsie
946 942 964 962 a
980 942 1080 962 manu
1098 933 1248 963 secunda
1269 933 1303 963 in
1321 932 1449 964 Oiseli-

741 989 817 1010 ano.
842 981 886 1012 D.
902 981 1015 1011 Heius.

782 1033 845 1062 347
870 1030 1138 1070 Not-andiduris]
1177 1030 1265 1061 Haec
1301 1031 1449 1061 Claverii

739 1079 852 1111 lectio.
875 1080 952 1111 Val.
970 1080 1128 1118 Flaccus,
1145 1080 1202 1111 lib.
1217 1089 1258 1110 11.
1281 1081 1290 1097 ‘
1306 1081 1449 1111 Vacuae-

738 1139 802 1170 que
820 1130 853 1160 in
871 1130 1040 1161 moeuibus
1069 1130 1160 1160 urbis
1187 1130 1273 1162 Jura
1294 1131 1447 1162 novant.'

737 1180 926 1220 Vulgatum
945 1185 1057 1211 tamen
1067 1181 1152 1220 juris
1164 1182 1303 1212 movendi
1319 1191 1384 1211 non
1403 1182 1449 1212 vi-

738 1229 840 1260 detur
855 1231 1055 1261 mutandum
1071 1243 1077 1261 :
1104 1235 1142 1262 ut
1162 1241 1282 1262 morere
1299 1241 1361 1271 pro
1380 1236 1449 1262 tur-

737 1279 832 1319 bare,
849 1279 1034 1320 invertere,
1050 1281 1143 1312 dicat
1159 1291 1167 1318 ;
1193 1285 1296 1321 atque
1316 1281 1364 1311 ita
1381 1290 1449 1311 am-

738 1329 890 1370 biguitas
919 1332 1046 1363 rectius
1073 1333 1135 1363 sibi
1156 1333 1344 1364 constabit.
1391 1332 1447 1364 Ad

738 1386 847 1410 artem
864 1382 952 1411 enim
970 1382 1170 1413 culinariam
1188 1383 1288 1413 simul
1314 1382 1447 1413 alludit.

737 1429 931 1459 Vernacula
956 1439 1015 1460 nos
1040 1432 1156 1470 Belgae
1179 1433 1296 1471 lingna
1317 1433 1448 1463 dicere·

736 1486 824 1515 mus,
836 1478 873 1507 de
888 1487 989 1507 sausse
1002 1488 1119 1510 roeren.
1152 1479 1207 1510 Sic
1225 1490 1344 1511 movere
1354 1485 1448 1521 pacta

737 1536 799 1565 pro
823 1527 974 1566 turbare,
991 1538 1040 1558 vr.
1060 1530 1159 1560 Cous.
1188 1530 1277 1561 Hon.
1300 1541 1346 1562 vs.
1371 1534 1447 1563 204.

736 1576 783 1606 ita
806 1577 895 1607 enim
913 1577 1100 1616 capiendus
1125 1579 1188 1609 iste
1205 1580 1312 1618 locus,
1329 1581 1362 1610 in
1380 1590 1447 1622 quo

734 1642 893 1673 magnum
912 1633 1089 1674 Cujacium
1117 1645 1151 1666 se
1169 1636 1227 1666 diu
1246 1638 1444 1670 exercuisse

735 1684 835 1715 testis
868 1684 1063 1716 Claverius:
1099 1695 1177 1716 mox
1205 1690 1354 1726 temperet
1386 1698 1447 1728 pro

735 1739 886 1776 temperat
919 1741 954 1767 et
976 1736 1068 1774 fumo
1101 1747 1163 1777 pro
1192 1748 1268 1769 naso
1300 1739 1443 1779 scripti:

735 1785 825 1826 quod
843 1786 1012 1826 posterius
1041 1792 1137 1818 recte
1162 1792 1298 1818 secutus
1315 1789 1447 1830 Raphe-

734 1835 868 1875 lengius
885 1846 893 1873 ;
934 1836 1097 1878 quicquid
1134 1837 1190 1867 alii
1224 1837 1445 1871 dissentiunt.

735 1885 836 1916 Idem.
1190 1895 1205 1909 0

777 1939 839 1967 348
855 1938 990 1967 Admota
1002 1937 1054 1976 qui
1066 1940 1216 1977 temperet
1226 1938 1443 1979 omniafumo]

734 1988 831 2018 Dicit
846 1993 959 2018 autem
977 1989 1144 2019 hominem
1159 1989 1246 2020 adeo
1260 1990 1444 2031 coquInan·

733 2037 767 2068 di
786 2038 959 2068 sollertem
977 2048 1063 2077 esse,
1080 2043 1118 2068 ut
1136 2038 1178 2069 de.
1202 2039 1321 2070 nidore
1338 2039 1443 2070 etiam

732 2087 840 2127 possit
869 2087 1072 2127 temperiem
1094 2087 1225 2128 justam
1250 2089 1332 2119 dare
1358 2089 1442 2120 cibis

733 2137 985 2178 parandis,quae
998 2138 1069 2168 laus
1081 2148 1161 2169 sane
1174 2139 1217 2170 sit
1231 2139 1443 2180 incompara-

732 2187 808 2217 bilis
823 2187 926 2225 Coci;
944 2188 1030 2218 hunc
1043 2193 1157 2219 autem
1172 2191 1381 2229 promoverit
1399 2190 1442 2221 ad

733 2238 920 2277 proximam
930 2238 1443 2279 EutropiodignitatemBarth.

775 2290 840 2318 349
866 2288 931 2322 Qui
958 2288 1032 2319 hene
1064 2290 1210 2329 decoquat
1231 2290 1326 2331 irum]
1360 2291 1442 2321 Fer-

732 2338 844 2368 ventis
861 2339 1120 2380 nimirumjuris
1140 2345 1199 2370 aut
1216 2350 1325 2381 aquae.
1345 2341 1441 2372 Idem.

773 2391 836 2419 850
860 2389 990 2429 Apices]
1010 2390 1146 2420 Summa
1164 2390 1325 2421 culmina.
1341 2391 1440 2422 Idem.

773 2441 834 2469 351
865 2438 1005 2478 Defossi]
1042 2440 1178 2480 Magnis
1210 2439 1441 2479 cicatricibus,

729 2487 772 2518 ob
788 2488 913 2519 iterata
930 2487 1078 2529 flagella.
1104 2490 1202 2521 Idem.

773 2538 901 2576 Desossi
926 2540 1048 2571 verbere
1076 2541 1181 2581 terga]
1221 2540 1347 2579 Defessi
1375 2540 1439 2570 Ra-

730 2589 952 2629 phelengius:
978 2591 1091 2628 defossi
1119 2601 1177 2631 pro
1202 2591 1352 2628 confossi:
1376 2589 1438 2619 nisi

730 2638 819 2679 quod
836 2639 1053 2670 scribendum
1076 2641 1196 2681 opinor
1208 2640 1352 2680 perfossi.
1397 2637 1437 2668 In

729 2689 839 2729 primo
858 2695 970 2721 tamen
998 2690 1168 2721 Vaticano
1193 2689 1312 2727 defessi.
1361 2687 1436 2718 Pri-

729 2750 865 2771 caeanus
882 2741 1031 2771 descissis
1053 2741 1141 2771 malo
1165 2741 1267 2770 etiam
1289 2738 1376 2770 Hinc
1389 2747 1436 2770 co-

727 2801 815 2832 quus,
829 2791 898 2822 hinc
911 2792 988 2823 leno.
1016 2792 1062 2823 D.
1082 2790 1202 2823 Heius.
