1859 3148
340 146 454 188 1672
535 157 677 188 NoTAE
709 155 970 187 VARmRUM
1006 157 1056 187 IN

342 250 521 281 celeritate
535 261 593 280 sua
604 250 809 291 supervenit.
836 250 949 281 Barth.

383 302 445 330 268
475 301 587 330 Vitrea·
604 303 745 331 tardabu-
760 300 896 336 imngine
910 299 1039 340 formoe]

343 349 542 380 Ambrosius
561 351 795 380 Hexai³inerou
825 350 880 379 lib.
896 359 944 380 w.
965 360 1038 390 cap.

340 401 371 430 4.
393 400 402 415 ‘
419 400 484 430 rbi
505 401 611 437 Tigris
630 409 766 429 vacuum
792 405 898 439 ruptae
918 401 1038 431 sobolis

341 449 451 480 cubile
477 451 614 488 reperit,
647 450 797 488 vestigiis
830 451 975 490 raptoris
993 452 1039 481 inu

340 499 444 529 sistit.
489 498 533 528 At
561 499 627 535 ille,
650 499 800 537 quamvis
817 509 903 539 equo
921 505 1038 531 vectus

342 547 467 586 fugaci,
495 547 609 576 videns
629 554 737 577 tamen
756 550 941 581 velocitate
959 550 1039 580 ferai

342 607 378 628 se
395 608 490 637 posse
520 598 691 637 prawerti,
715 608 778 629 nee.
795 600 959 631 evadendi
975 601 1037 631 sibi

341 648 442 678 ullum
482 652 663 686 suppetere
701 658 800 687 posse
839 650 1038 689 subsidium,

341 697 495 727 technam
524 697 711 737 hujusmodi
736 699 852 730 fraude
876 701 1037 739 molitur3

339 746 397 777 ubi
426 757 461 777 se
492 748 686 785 contiguum
716 749 849 786 viderit,
875 750 1038 789 sphaeram

340 796 382 826 de
398 796 488 827 vitro
508 797 641 836 projicit
657 808 664 834 ;
697 802 730 827 at
747 798 802 828 illa
830 798 974 837 imagine
989 800 1038 829 sui

339 846 481 885 luditur,
497 852 529 876 et
545 847 693 877 sobolem
708 852 819 887 putat,
833 854 968 879 revocat
982 850 1039 880 ini-

340 900 469 936 petum,
501 897 660 936 colligere
681 897 797 928 soetum
823 898 1040 930 desiderans!

340 948 402 975 [tc.
449 946 513 976 Alii
530 956 593 976 uon
608 947 752 978 vitreum
772 949 872 978 talem
891 950 1039 987 globum,

340 995 399 1025 sed
429 996 538 1035 ipsum
567 1007 607 1026 ex
634 998 756 1028 catulis
774 999 880 1038 raptis
896 999 1038 1039 aliquem

340 1045 474 1084 projici,
492 1053 556 1076 oce.
582 1047 677 1078 Idem.

383 1098 445 1125 270
472 1096 620 1135 Reddite]
655 1097 729 1127 Vox
755 1098 824 1137 juri
856 1108 1040 1129 accommo-

342 1144 395 1175 (ia.

384 1196 716 1239 N0›1n1e1·‹1g11s‚35·c.]
739 1201 862 1230 Sensus
883 1205 954 1238 est;
982 1211 1039 1231 na-

341 1247 427 1276 tales
446 1257 508 1278 non
527 1254 592 1279 tam
610 1250 740 1280 obscuri
759 1250 851 1289 milii,
868 1260 966 1290 quam
982 1256 1040 1281 aut

340 1295 472 1334 Dianae,
484 1308 557 1337 qum
574 1299 720 1328 Latones
738 1299 869 1328 rustieae
883 1299 951 1329 tilia
968 1304 1038 1337 cst;

342 1351 401 1376 aut
419 1347 556 1385 Veneri,
576 1358 650 1387 quae
677 1349 757 1378 inari
777 1353 856 1378 nata
873 1353 934 1378 est.
951 1349 1040 1389 quod

340 1395 415 1432 lege
455 1396 544 1436 apud
583 1397 700 1438 'l'iraq.
746 1397 779 1428 in
814 1407 854 1429 11.
893 1399 1038 1430 eonnub.

341 1445 517 1484 Dempster.

380 1497 442 1524 273
469 1495 536 1529 Quo
565 1496 648 1535 leges
671 1497 806 1528 cecidere
825 1498 904 1537 poli]
928 1498 1040 1529 Abiere

337 1544 450 1574 malim
479 1554 555 1575 cuin
586 1546 683 1586 prim.
706 1547 885 1586 Vaticano,
902 1557 989 1587 meo,
1005 1552 1039 1579 et

338 1593 509 1624 Parrhasii
523 1595 685 1626 editione.
700 1597 808 1636 Epist.
819 1598 859 1627 ad
875 1598 1038 1629 Hadrian.

338 1644 346 1658 ‘
367 1645 443 1676 Quo
459 1654 577 1675 sensus
589 1646 703 1676 abiere
722 1647 767 1686 pii
785 1647 807 1677 ξ’
832 1648 958 1679 Lucan.
976 1659 1039 1681 vu.

340 1693 348 1708 ‘
365 1693 441 1725 Quo
458 1694 517 1724 tibi
534 1693 648 1725 fervor
664 1696 765 1726 abit?
787 1697 917 1728 Statius
931 1699 1040 1729 Theb.

336 1752 400 1772 1¹11.
424 1744 433 1759 ‘
452 1754 517 1784 quo
545 1754 639 1775 sacra
657 1750 768 1777 tamen
797 1748 947 1788 ritusque
964 1759 1039 1789 per-

344 1799 468 1834 empta²
488 1795 604 1826 Mater
616 1797 853 1837 abirejubes?
884 1799 938 1830 Sic
950 1800 1040 1839 apud

341 1843 482 1874 Homer.
495 1845 591 1876 Iliad.
604 1850 638 1877 Θ.
650 1849 690 1887 πῇ
701 1846 776 1882 ἔβαν
789 1849 935 1888 εὐχωλαὶ,
944 1849 995 1880 ὅτε
1004 1851 1039 1887 δὴ

338 1893 438 1931 φαμὲν
451 1892 525 1925 εἶναι
542 1895 677 1935 &pus-rom
698 1898 820 1929 Posset
832 1904 867 1929 et
884 1900 962 1939 legi,
972 1901 1039 1935 Quo

338 1946 421 1981 leges
437 1946 570 1976 recidere
583 1946 671 1986 poli!
702 1948 743 1978 de
774 1959 838 1989 qua
869 1950 1040 1981 locutione

337 2004 438 2034 supra
463 1997 591 2036 egimus
622 1998 709 2028 bello
739 1998 878 2030 Gildon.
910 2010 956 2030 vs.
984 2002 1038 2031 44.

336 2045 403 2081 vel,
429 2047 508 2085 quia
541 2047 573 2076 in
609 2048 743 2078 recidere
770 2049 878 2088 prima
909 2050 1040 2089 syllaba

338 2095 535 2135 plerumque
553 2097 765 2137 producitur,
797 2099 866 2132 Quo
884 2099 965 2136 leges
980 2110 1040 2130 ces-

335 2154 400 2174 sere
416 2143 430 2174 !
447 2151 481 2175 ut
501 2146 532 2175 in
548 2147 750 2186 Virgiliauo,
780 2149 788 2164 ‘
804 2148 926 2179 fiducia
939 2150 1040 2181 cessit

337 2198 413 2228 Quo
427 2196 500 2234 tibi,
514 2197 614 2235 Diva,
629 2199 692 2228 mei
708 2198 730 2227 ?'
756 2199 800 2229 D.
818 2199 930 2229 Heius.

383 2246 545 2286 Cet-idem]
571 2247 695 2277 Omnia
715 2259 787 2288 quae
812 2250 852 2279 ab
870 2249 988 2281 ordine
1005 2255 1040 2281 et

337 2298 527 2328 constantia
554 2299 717 2330 vacillant
745 2305 802 2331 aut
832 2306 963 2339 nutant,
990 2313 1039 2333 cu-

338 2349 408 2378 dere
421 2347 588 2379 dicuntur.
622 2350 738 2380 Barth.

379 2400 441 2428 274
467 2398 702 2438 Notipudoris]
739 2400 875 2440 Quippe
905 2402 1037 2433 auctrix

339 2448 566 2487 prostituendi
585 2450 746 2488 corporis.
771 2451 867 2481 Idem.

380 2500 442 2528 275
467 2499 597 2529 Lemnia
610 2499 746 2539 vincula]
783 2500 888 2531 Amor
902 2501 1039 2533 indomi-

337 2551 372 2577 ta
389 2556 529 2588 quaeque
555 2548 671 2578 subdit
698 2549 771 2586 sibi,
796 2554 830 2579 et
856 2549 1039 2582 ferociores

338 2596 466 2628 animos
483 2598 610 2636 niollit;
643 2598 720 2628 inde
747 2599 826 2629 data
843 2599 967 2631 fabulae
985 2612 1038 2633 oc-

339 2646 496 2685 casio,ut
515 2647 533 2663 '‘
551 2649 719 2678 Venerem
743 2649 849 2680 Marti
872 2652 1039 2682 concubu-

339 2698 403 2729 isse
431 2696 579 2733 feratur.'
619 2698 722 2731 ovid.
749 2699 891 2732 Metam.
915 2701 974 2735 lib.
990 2711 1037 2734 iv.

1092 158 1167 188 CL.
1201 159 1379 191 CLAUD.
1413 161 1597 193 XXXVI.

1090 253 1171 284 Fab.
1188 258 1217 284 5.
1235 258 1268 284 ot
1281 254 1483 292 κακοτεχνίας
1503 255 1559 286 lib.
1579 264 1618 287 Ιῐ.
1632 256 1786 289 Martial.

1089 302 1148 332 lib.
1167 305 1494 343 ι.Ι-ἶρ.7.1’τιιᾱοηῐ.
1512 307 1544 335 in
1559 302 1655 336 Rom.
1672 307 1680 323 ⁴
1696 306 1788 337 Deos

1090 359 1216 383 catena¹
1259 356 1419 392 colligant
1457 354 1654 386 adulteros?
1699 356 1786 386 Stat.

1091 403 1149 432 lib.
1169 412 1206 433 11.
1223 404 1404 434 Tbebabh‘
1424 405 1560 435 ultrices
1578 405 1788 444 castigavere

1090 453 1241 483 catenan’
1286 454 1414 484 Lemnia
1441 455 1573 491 vincula,
1601 454 1690 494 quod
1708 455 1789 485 Vul-

1090 512 1192 532 canus
1211 514 1248 533 ea
1270 510 1435 544 parasset,
1451 505 1506 544 qui
1535 505 1566 533 iu
1592 505 1719 534 Lemno
1741 504 1790 534 in-

1091 553 1160 582 sula
1173 554 1306 585 colitur.
1330 555 1419 584 l'lin.
1435 555 1490 586 lib.
1505 564 1551 585 lv.
1569 565 1643 594 cap.
1657 558 1790 585 12.110s-

1092 607 1144 632 ter
1171 604 1202 632 in
1232 605 1380 643 Epitlial.
1396 605 1404 620 ‘
1424 605 1579 634 Lemnius
1598 606 1668 636 brec
1686 606 1786 636 ctiam

1091 653 1230 690 gemmis
1261 654 1430 683 exstruxit
1454 659 1487 683 et
1510 664 1590 684 auro
1606 654 1627 683 z’
1651 655 1712 685 boc
1729 655 1788 684 fic-

1093 707 1174 740 tum,
1217 704 1303 742 quod
1330 703 1435 733 crebra
1457 703 1596 740 fulmina
1619 705 1650 733 in
1674 705 1789 736 Lemno

1091 753 1215 788 cudunt,
1245 762 1384 792 quorum
1410 753 1496 791 ignis
1525 758 1578 783 est
1605 754 1789 786 Vulcanus.

1091 801 1185 831 Serv.
1203 802 1243 831 ad
1262 810 1342 832 vni.
1362 801 1491 832 AEneid.
1507 812 1554 833 vs.
1567 806 1641 833 454.
1657 809 1691 834 et
1703 805 1790 836 Stat.

1091 859 1145 881 ιιι.
1175 851 1277 882 Theb.
1316 852 1370 882 Sic
1403 852 1519 883 Venus
1547 854 1588 884 ad
1621 854 1789 886 Martem:

1092 900 1100 915 ‘
1119 900 1192 931 Hoc
1209 902 1288 931 mibi
1306 902 1497 933 Lemniacae
1522 903 1564 934 de
1585 908 1618 935 tc
1636 914 1790 937 meruere

1091 950 1243 981 calcum)
1271 952 1414 992 Dempst.

1133 1003 1195 1031 276
1219 1000 1331 1040 Sopor]
1363 1002 1521 1032 Somnum
1539 1008 1674 1035 veteres
1685 1015 1791 1045 quan-

1091 1049 1201 1090 doquc
1234 1060 1292 1090 pro
1327 1052 1511 1082 concubitu
1543 1054 1678 1092 dixisse,
1709 1055 1790 1085 locis

1090 1100 1191 1137 vulgo
1214 1109 1278 1129 non
1301 1101 1542 1132 animadversis
1559 1102 1715 1134 docemus
1733 1104 1792 1134 ali-

1091 1149 1134 1179 bi.
1160 1150 1273 1180 Barth.

1133 1203 1196 1229 252
1221 1200 1387 1230 Hominem
1413 1201 1588 1232 sitientibus
1613 1201 1692 1241 aris]
1725 1203 1791 1234 Ho-

1090 1250 1206 1279 minum
1235 1250 1438 1280 Claudianus
1474 1251 1666 1291 scripserat,
1696 1252 1789 1293 quic-

1091 1299 1170 1339 quid
1209 1299 1284 1329 libri
1324 1300 1475 1330 obstant.
1513 1301 1612 1332 Cons.
1644 1302 1763 1332 Manlii
1782 1313 1789 1333 :

1090 1349 1097 1364 ‘
1116 1348 1218 1379 caulis
1264 1349 1436 1380 sitientem
1480 1349 1615 1382 differat
1652 1352 1790 1384 arcum.'

1092 1398 1234 1429 Ovidius
1262 1399 1348 1429 libro
1366 1400 1474 1440 primo
1489 1401 1588 1432 Trist.
1615 1402 1669 1432 El.
1695 1406 1726 1433 5.
1748 1412 1791 1433 ex

1091 1450 1200 1479 veteri
1217 1449 1354 1480 codice:
1394 1451 1401 1465 ‘
1422 1451 1535 1491 thue
1553 1461 1657 1491 rapax
1675 1452 1792 1482 stimu-

1090 1498 1182 1528 lante
1200 1497 1302 1536 fame,
1328 1499 1512 1540 sitiensque
1530 1501 1658 1531 cruoris
1675 1502 1790 1533 Incus-

1091 1547 1233 1578 toditum
1250 1553 1367 1588 captat
1391 1549 1477 1580 ovile
1495 1550 1618 1589 lupus.’
1666 1551 1703 1581 In
1722 1553 1792 1582 vul-

1089 1597 1176 1635 gatis
1190 1597 1256 1627 illic
1275 1598 1369 1628 libris
1384 1600 1569 1639 cupidusque
1585 1601 1714 1632 cruoris.
1739 1602 1789 1631 Si-

1089 1647 1150 1677 lius
1178 1648 1234 1679 lib.
1263 1657 1318 1679 111.
1355 1650 1362 1664 ‘
1382 1648 1496 1689 Atque
1527 1650 1583 1680 ille
1612 1650 1699 1681 haud
1732 1661 1790 1682 un-

1091 1707 1188 1737 quam
1215 1707 1336 1737 parcus
1364 1708 1424 1738 pro
1451 1699 1549 1729 laude
1576 1701 1714 1740 cruoris,
1743 1702 1789 1733 Et

1091 1757 1223 1788 semper
1237 1748 1335 1779 famae
1353 1749 1493 1779 sitiens.’
1522 1750 1566 1780 D.
1583 1750 1694 1782 Heius.

1134 1799 1300 1829 Hominem
1309 1799 1484 1829 sitientibus
1500 1800 1576 1840 uris]
1601 1801 1701 1832 Notae
1719 1811 1788 1834 arae

1091 1849 1211 1880 Dianae
1237 1849 1406 1888 Tauricae,
1439 1850 1494 1880 ubi
1526 1850 1790 1884 immolabantur

1090 1899 1241 1930 homines
1257 1911 1264 1937 ;
1280 1905 1367 1930 notae
1387 1904 1421 1930 et
1437 1900 1604 1931 Busiridis
1621 1901 1789 1943 hospitum

1091 1951 1318 1982 mactatrices.
1352 1952 1468 1982 Barth.

1134 2004 1196 2031 280
1222 2001 1308 2031 Esset
1327 2000 1427 2039 oneri]
1452 2001 1635 2033 Molestiae.
1661 2004 1758 2035 Idem.

1133 2054 1192 2081 291
1223 2052 1314 2081 Nulla
1341 2055 1441 2091 potest
1463 2053 1585 2091 placare
1611 2053 1689 2093 dies]
1716 2054 1789 2085 Imo

1090 2100 1174 2138 quies
1198 2110 1272 2130 eum
1290 2101 1505 2139 melioribus3
1531 2102 1620 2142 quod
1637 2103 1722 2134 vidit
1735 2113 1791 2134 cu-

1091 2151 1135 2180 ris
1152 2152 1305 2182 secundis
1334 2153 1516 2183 Bartliius:
1541 2159 1576 2183 et
1598 2155 1694 2193 paulo
1711 2159 1791 2185 ante

1089 2204 1143 2231 aut
1173 2202 1267 2240 caris,
1296 2212 1360 2233 non
1389 2203 1454 2232 hcec
1482 2211 1558 2232 cum
1588 2203 1790 2234 melioribus.

1090 2252 1137 2282 l).
1155 2252 1267 2282 Heius.

1134 2301 1231 2331 ,Nulla
1259 2305 1359 2340 potest
1388 2302 1510 2340 placare
1541 2303 1620 2342 dies]
1665 2303 1789 2344 Inepta.

1089 2351 1191 2380 lectio
1209 2361 1217 2387 ;
1243 2360 1305 2380 nou
1324 2351 1412 2381 enim
1430 2351 1471 2381 de
1491 2358 1644 2392 tempore
1658 2358 1716 2384 aut
1733 2354 1790 2385 die

1088 2400 1250 2440 loquitur,
1275 2400 1332 2430 sed
1351 2400 1392 2431 dc
1422 2402 1550 2441 quiete,
1575 2408 1610 2433 et
1636 2403 1788 2443 latibulo,

1090 2455 1125 2480 et
1141 2450 1306 2480 modestia
1322 2450 1399 2481 tilia*
1428 2461 1497 2481 suae
1515 2453 1628 2483 (ζει-(5.
1675 2454 1789 2486 Quare

1091 2509 1165 2529 cum
1193 2500 1286 2529 libris
1312 2500 1438 2540 aliquot
1467 2500 1615 2541 Belgicis
1640 2502 1788 2533 scriben-

1090 2549 1167 2579 dum
1184 2560 1190 2579 :
1219 2550 1315 2580 Nulla
1327 2554 1427 2589 potest
1441 2552 1564 2590 placare
1580 2553 1675 2592 quies.
1705 2554 1790 2585 Nul-

1090 2600 1133 2639 la,
1149 2601 1269 2641 inquit,
1287 2601 1444 2640 solitudo,
1455 2603 1545 2632 nulla
1561 2602 1705 2643 latebra,
1719 2604 1792 2635 nul-

1089 2651 1122 2681 la
1135 2652 1334 2682 tumultuum
1345 2657 1379 2682 et
1392 2652 1568 2684 turbarum
1580 2652 1661 2693 fuga
1673 2659 1788 2694 potest

1090 2711 1109 2732 a
1131 2702 1274 2734 nocendi
1299 2702 1474 2744 proposito
1502 2702 1664 2735 invidiam
1691 2713 1785 2736 aver-
