1763 3116
439 137 659 168 ELEGIAM
694 136 756 166 DE
789 136 1031 167 PHOENICE.

25 236 150 267 minum
180 235 389 265 literatorum
427 229 621 261 sollertiam.
667 228 718 259 Ac

26 287 168 327 primum
186 294 220 315 se
246 284 338 314 nobis
355 280 456 312 offert
473 279 646 319 Apuleius,
663 279 718 319 qui

25 336 164 366 delicias
179 331 365 374 lnijnsniotli
380 340 454 361 cuni
470 329 591 369 passim
608 335 720 359 osteu-

26 390 89 424 tet,
113 395 177 416 nou
202 384 295 414 licuit
320 387 433 412 tamen
458 388 518 417 per
535 379 665 409 odiosas
683 379 720 408 li-

25 435 209 466 brariorum
224 441 351 469 manus,
367 434 403 460 nt
421 429 543 470 ubique
561 429 611 459 sui
631 429 720 459 simi-

25 485 64 514 lis
81 488 180 514 esset.
212 482 312 512 Libro
327 478 540 510 Milesiorum
556 487 636 508 vin.
655 488 720 508 non

24 533 121 572 longe
137 532 178 561 ab
195 531 301 569 initio,
319 529 361 560 de
376 529 551 568 Thrasyllo
568 529 721 559 Charites

25 591 145 624 proco:
170 584 179 597 ‘
201 581 278 619 Hic,
305 590 379 609 cuin
409 579 552 619 primum
585 579 722 610 Charite

23 631 179 663 nubendo
192 630 419 668 maturuisset,
430 630 517 660 iuter
531 630 723 670 praecipuos

24 691 159 723 prot-05,
181 690 309 711 summo
325 681 436 711 studio
454 680 631 721 petitionis
648 680 721 720 ejus

23 732 114 772 [dele
128 731 165 761 τὸ
177 731 255 770 ejus]
271 740 388 761 munus
407 730 553 761 obierat:
574 736 608 760 et
619 740 722 771 quan-

23 793 122 823 quam
140 784 274 813 caeteris
292 781 444 812 omnibus
462 782 487 811 is
501 791 625 821 genere
643 781 722 811 viris

24 833 216 872 antistaret,
240 832 437 872 eximiisque
457 831 648 861 muneribus
666 840 722 870 pa-

22 888 137 914 rentes
162 883 337 920 invitaret,
358 881 490 920 judit-io
515 891 644 911 morum
677 886 722 911 ta-

21 942 96 964 men
114 932 338 972 improbatus,
355 931 498 970 repulsae
517 930 724 961 contumelia

22 981 134 1013 fuerat
157 983 337 1021 aspersus!
380 980 428 1011 At
453 985 578 1021 quanto
597 981 722 1010 rectius

23 1033 158 1073 optimae
172 1031 375 1062 membranae
389 1030 592 1060 Florentinze
607 1039 646 1060 ac
659 1030 724 1069 pri-

22 1093 75 1114 ma
104 1082 209 1114 editio
239 1082 392 1112 Romana
419 1090 458 1111 ac
485 1079 622 1118 Aldina,
646 1089 722 1120 quae

23 1144 124 1176 penes
140 1143 194 1165 me
210 1137 357 1172 exstant,
373 1135 404 1163 et
416 1141 587 1173 quanquam
603 1131 725 1162 cateris

1388 127 1472 168 739

774 228 910 259 omnibns
934 229 965 257 id
988 236 1086 265 genus
1111 226 1188 256 viris
1212 227 1387 266 antistaret,
1408 231 1473 259 exi-

775 279 902 318 miisque
940 277 1113 308 muneribus
1139 280 1298 316 parentum
1328 278 1474 309 invitaret

765 329 942 366 judicium:
966 338 1080 358 morum
1095 331 1195 357 tannen
1214 327 1411 366 improbatus,
1428 338 1475 357 re-

772 379 871 418 pulsae
886 378 1067 408 contumelia
1076 377 1185 414 suerat
1203 386 1350 416 uspersus.
1385 378 1476 406 Nihil

777 434 913 469 poterat
931 429 1130 468 elegantius,
1147 433 1204 457 aut
1223 427 1327 465 magis>
1346 427 1476 466 perspi-

777 488 886 509 cuum.
911 479 1026 519 Atque
1040 479 1087 508 ita
1105 477 1290 508 Beroaldus
1305 477 1408 506 etiam
1423 486 1479 515 ag-

777 529 951 559 noscebat.
998 528 1197 557 Desinunins
1215 527 1317 562 igitur
1335 526 1377 556 de
1403 526 1478 556 bar·

779 579 872 609 bario
889 583 925 608 et
942 578 1073 608 inscitia
1090 578 1182 618 queri
1197 578 1410 616 superiorum
1427 586 1476 607 se-

779 630 943 667 culorum,
961 629 1081 669 (suibus
1099 629 1151 659 liic
1175 630 1263 658 locus
1280 629 1411 667 integer
1426 637 1478 657 re-

778 680 891 717 lictus,
911 679 1132 709 contaminari
1167 680 1269 718 coepit
1296 685 1477 719 postquam

779 730 873 760 bonae
900 730 1006 760 literae
1035 735 1255 759 emerserunt.
1299 729 1337 759 Id
1361 738 1480 767 genus;

778 789 853 809 nam
872 779 913 809 do
931 779 1296 819 splendidisThrasylli
1309 778 1478 810 natalibus

779 839 817 859 ac
835 830 1039 869 divitiisjam
1058 836 1188 867 egerat.
1219 830 1275 860 Sic
1293 828 1380 868 apud
1399 837 1478 859 eun-

778 878 854 909 dem
872 879 1055 919 Apuleium
1071 880 1156 910 libro
1178 889 1202 910 1.
1225 880 1233 895 ‘
1252 880 1401 909 esuriens
1424 878 1481 908 ali·

778 928 876 968 cnjus
891 929 964 959 rei.'
995 929 1095 959 Libro
1113 939 1151 960 11.
1176 931 1184 946 ‘
1203 929 1336 959 saucius
1359 927 1479 968 fatiga-

779 979 877 1009 tionis
900 984 935 1009 et
959 978 1121 1019 fatigatus
1146 978 1274 1009 caedis!
1315 979 1416 1009 Libro
1431 988 1479 1008 iv.

778 1030 786 1046 ‘
815 1028 970 1059 madidus
1002 1028 1160 1059 nectaris'
1199 1034 1234 1058 et
1274 1029 1282 1045 ‘
1313 1028 1478 1068 fatigatus

777 1079 862 1120 spei'
885 1084 920 1109 et
943 1080 951 1095 ‘
968 1079 1122 1120 trepidus
1139 1077 1285 1119 regionis
1308 1082 1343 1108 et
1366 1081 1479 1108 certus

778 1129 923 1162 erroris!

438 1438 553 1485 DE
619 1436 1059 1485 PHOENICE.

111 1590 184 1625 Qua
206 1591 293 1629 patet
311 1587 422 1618 aeterni
441 1587 541 1626 janua
557 1587 634 1617 celsa
649 1586 726 1626 poli]

23 1640 149 1680 Scripti
165 1639 301 1670 codices
330 1643 527 1669 constanter
542 1647 609 1669 non
626 1638 727 1675 janua

23 1691 112 1729 celsa,
131 1690 190 1721 sed
208 1690 345 1720 maxima
360 1692 451 1728 porta
466 1699 476 1719 .·
496 1689 598 1719 etiam
620 1688 726 1718 editio

25 1740 133 1780 prima
147 1739 403 1780 Romana,quod
414 1739 550 1770 minime
559 1743 726 1770 mutatum

25 1790 191 1830 oportuit.
217 1790 372 1821 Enniana
389 1790 514 1831 quippe
528 1790 586 1820 illa
597 1789 725 1830 cogita-

25 1840 83 1871 bat
101 1841 313 1880 Lactantius,
330 1851 405 1881 quae
419 1846 454 1872 et
473 1841 609 1871 Divinis
625 1840 726 1871 Insti-

25 1892 212 1923 tutionibus
229 1892 376 1922 intexuit
391 1902 399 1922 z
416 1892 425 1908 ‘
443 1892 476 1922 Si
489 1891 538 1923 fas
556 1891 643 1922 endo
656 1892 727 1932 pla-

25 1951 82 1982 gas
99 1942 271 1972 coelesteis
290 1941 452 1972 scandere
470 1942 650 1983 quoiquam
663 1946 727 1982 est,

24 1993 76 2024 Mi
101 1993 184 2023 solei
206 1993 281 2023 coeli
304 1992 450 2023 maxima
477 1997 576 2032 porta
596 1992 725 2034 patet2’

23 2043 74 2074 ita
90 2043 177 2074 enim
195 2053 311 2074 versus
327 2043 375 2073 illi
390 2044 594 2083 corrigendi.
624 2044 726 2084 Apud

26 2094 203 2125 Maronem
220 2093 394 2132 habemrm,
421 2094 429 2109 ‘
442 2103 540 2133 quem
559 2104 662 2133 super
678 2094 728 2124 in-

27 2153 107 2184 gens
136 2144 245 2174 Porta
272 2148 368 2174 tonat
396 2143 472 2174 coeli
491 2144 510 2174 :'
541 2143 595 2173 nbi
613 2143 727 2174 obser—

26 2199 107 2226 vant
123 2195 344 2226 Gratumatici
363 2200 495 2225 veteres
508 2195 727 2225 Homericam

26 2254 99 2276 esse
116 2245 350 2284 imitationem,
378 2245 467 2285 apud
485 2255 584 2286 quem
612 2251 647 2276 et
672 2244 728 2275 πύ-

25 2300 79 2326 λαι
95 2295 221 2334 οὐρανοῦ
237 2304 428 2326 occurrant.
455 2296 562 2326 Locus
579 2301 631 2326 est
649 2296 727 2326 Ilia-

25 2344 84 2376 dos
96 2349 130 2375 E.
142 2344 317 2382 Αὐτόμαται
329 2344 360 2376 δὲ
377 2344 471 2376 πύλαι
483 2344 580 2383 μύκον
589 2345 726 2386 οὐρανοῦ.

28 2394 130 2435 Apud
148 2395 263 2424 Silium
283 2395 452 2434 Italicum,
468 2396 557 2427 libro
575 2405 633 2427 xv.
657 2398 666 2413 ‘
681 2395 729 2427 At

27 2444 103 2485 quis
119 2444 248 2474 aetherii
278 2449 433 2475 servatur
459 2446 595 2476 seminis
622 2450 729 2485 ortus,

28 2494 113 2525 Caeli
146 2499 245 2534 porta
269 2494 386 2533 patet!
422 2495 637 2526 Lactantium
662 2497 729 2526 Ve-

25 2544 162 2576 nantius
175 2544 380 2574 Fortunatus
392 2545 568 2575 aeiiiulatur
579 2545 729 2576 carmine

28 2595 63 2626 in
83 2594 225 2635 pascha:
261 2595 269 2610 ‘
289 2594 460 2633 Tempora
488 2593 646 2633 tlorigero
676 2604 729 2625 rn-

30 2644 134 2675 tilant
144 2644 302 2675 distincta
317 2653 450 2682 sereno,
467 2643 511 2673 Et
522 2643 648 2683 majore
662 2645 731 2685 poli

27 2694 158 2726 lumine
186 2697 289 2735 porta
317 2692 435 2734 patet!
472 2693 617 2734 Tullius,
645 2693 731 2726 libro

781 1593 841 1615 111.
867 1585 909 1615 de
941 1584 1111 1624 Legibus:
1141 1583 1243 1614 ‘nam
1275 1586 1310 1613 et
1342 1581 1483 1613 Herculi

781 1636 900 1666 eadem
929 1636 1002 1675 ipsa
1026 1639 1125 1674 porta
1149 1633 1284 1674 patuit.'
1320 1633 1371 1663 De
1396 1632 1482 1662 coelo

780 1686 909 1717 Noster
921 1684 1009 1715 infra
1022 1696 1029 1715 z
1042 1686 1050 1701 ‘
1064 1685 1221 1725 Namque
1235 1683 1289 1714 ubi
1307 1683 1363 1713 Sol
1379 1691 1484 1723 pepu-

779 1737 820 1767 lit
848 1735 1008 1768 fulgentis
1035 1735 1149 1765 limina
1171 1733 1303 1774 portaf!
1350 1733 1485 1763 Macro-

781 1787 854 1817 bius
884 1786 1022 1816 Somnio
1051 1785 1217 1825 Scipionis
1246 1783 1313 1814 duo
1337 1782 1486 1822 Tropica

782 1838 878 1878 signa
899 1837 1097 1876 Soli-sportas
1121 1836 1284 1876 appellat.
1332 1835 1409 1865 Nou
1434 1833 1485 1863 in-

781 1889 947 1920 concinne
976 1892 1144 1927 praeterea
1171 1887 1203 1916 in
1233 1887 1294 1917 hoc
1314 1885 1485 1917 Lactantii

782 1940 857 1970 loco
875 1939 1071 1978 ‹etheriipolz'
1087 1938 1250 1976 corrigas,
1267 1936 1348 1966 licet
1366 1939 1399 1965 et
1415 1935 1484 1965 vul-

782 1995 897 2031 gatum
915 1989 995 2020 ferri
1011 1989 1147 2018 omuino
1164 1987 1279 2026 possit.

825 2042 843 2070 7
869 2040 932 2070 Sed
957 2042 1077 2069 nostros
1102 2041 1219 2067 montes
1233 2035 1344 2066 eminet
1367 2035 1426 2064 iste
1441 2035 1484 2064 lo-

780 2089 848 2129 cus]
872 2089 997 2121 Nescio
1016 2097 1055 2119 an
1071 2088 1152 2118 satis
1167 2087 1286 2117 Latine
1299 2084 1336 2115 τὸ
1351 2085 1485 2115 eminere

782 2151 857 2171 cum
894 2144 1014 2180 quarto
1048 2148 1128 2169 casu
1160 2137 1213 2167 liic
1243 2136 1483 2176 conjungatur.

783 2192 898 2223 Quare
915 2191 1087 2220 minimum
1104 2188 1215 2226 abest,
1230 2187 1307 2227 quin
1322 2185 1486 2225 praeminet

783 2251 802 2272 a
819 2240 1045 2271 Lactantiana
1063 2248 1161 2269 manu
1179 2246 1251 2268 esse
1269 2235 1485 2273 contendam,

784 2292 846 2323 etsi
863 2290 1066 2322 membranis
1089 2298 1150 2329 pro
1175 2288 1344 2327 scriptura
1368 2284 1486 2316 stanti-

783 2342 846 2373 bus
860 2341 1017 2380 vulgata:
1047 2338 1187 2369 imminet
1218 2336 1422 2368 Bodleianus
1451 2339 1486 2365 et

784 2392 932 2423 aliiduo.

828 2446 868 2474 10
894 2442 1028 2474 Frondis
1053 2441 1166 2471 honore
1192 2437 1289 2477 viret]
1326 2437 1437 2468 Virens
1452 2435 1486 2466 in

784 2494 922 2534 scriptis
932 2492 1095 2530 omnibus,
1106 2495 1144 2521 ut
1158 2488 1375 2530 praecedente
1389 2495 1487 2526 prox-

784 2546 849 2576 ime
875 2553 971 2574 versu
987 2542 1201 2574 scribendum
1227 2540 1392 2576 videatur,
1422 2538 1484 2567 stul

782 2595 918 2626 consitus
951 2594 1058 2624 arbore
1106 2592 1202 2622 multu
1240 2590 1353 2620 Lucas.
1401 2587 1485 2617 Mox

784 2653 844 2684 pro
875 2642 1094 2674 Phaethonteis
1116 2639 1250 2678 ignibus,
1263 2639 1333 2669 seni
1348 2635 1485 2667 codices

785 2693 1045 2726 Plia‘c'thontiadis
1059 2703 1069 2724 .-
1092 2690 1182 2722 uude
1199 2688 1368 2720 faciebam
1382 2682 1485 2716 Phae·-
