1763 3116
628 142 887 174 EIDYLIAA.

34 244 122 275 mine
140 244 277 275 tollam?
301 241 340 273 In
355 239 474 282 quibus
487 241 664 270 exstructa
680 240 735 266 est

34 299 135 335 atque
150 294 261 325 iocata
274 292 372 323 salus.
398 289 468 321 Hie
482 287 584 318 etiam
601 286 732 325 ignotas

34 348 154 384 stupet
169 343 210 375 ad
228 339 389 383 praetoria
406 337 518 369 fervor
534 336 684 374 Plenior,
698 339 734 365 et

34 395 163 426 calidas
180 398 274 424 terra
296 389 466 421 ministrat
488 396 602 427 aquaS.
649 385 733 418 Quis

33 446 181 477 sterilem
201 452 265 474 non
292 439 409 472 credat
426 437 585 469 humum?
607 436 734 467 fuman-

33 497 80 527 tia
92 497 231 526 vernant
245 492 393 523 Pascua:
421 488 568 520 luxuriat
583 487 733 526 gramine

31 550 131 577 cocta
147 544 242 573 silex.
287 541 457 571 Innocuos
472 538 563 569 fotus
576 537 735 568 membris

30 594 122 636 parit
147 592 267 623 intima
284 591 397 629 tellus,
416 590 652 628 Naturamque
678 587 734 627 pio

30 646 199 684 temperat
223 642 298 680 igne
322 641 428 671 calor.
476 640 519 668 Et
535 647 611 668 cum
629 637 676 667 sic
694 636 735 666 ri-

32 695 117 735 gidae
135 698 252 723 cautes
270 691 405 722 fervore
431 691 633 730 liquescant,
650 688 735 719 Con-

31 744 172 784 temptis
201 742 311 773 audax
338 741 470 781 ignibus
497 739 601 770 herba
628 737 736 768 viret.'

31 795 140 826 Versu
161 793 262 825 tertio
286 796 382 822 vetus
401 791 508 822 codex
525 788 737 820 mendosissi-

31 856 97 884 me,
115 846 183 880 Quo
200 846 229 875 d.
248 855 277 884 p.
298 844 360 873 solo
378 851 477 872 nemos
494 843 580 870 iutra
605 838 736 869 tenebat.

30 896 138 926 Versu
153 899 285 934 quarto,
298 894 417 922 sederat
430 891 538 921 umbra
551 899 625 920 rem.
653 890 736 919 Ver-

31 955 67 977 su
81 949 190 981 sexto,
209 944 248 973 In
264 942 372 982 quibus
384 945 524 971 exstmco
538 944 593 970 est.
628 940 734 969 Versu

32 994 211 1028 undecimo
242 993 328 1032 lege,
360 992 512 1022 Innocuos
544 989 645 1029 fotus.
691 989 736 1018 Ι).

33 1045 151 1077 Heius.

74 1099 113 1127 21
139 1096 183 1125 Et
198 1102 266 1124 cum
281 1092 326 1123 sic
342 1090 461 1131 rigido]
489 1090 620 1129 Rigidae
636 1089 735 1130 prim.

31 1147 142 1178 Vatic.
160 1150 195 1176 et
219 1149 364 1186 quatuor
387 1142 466 1179 alii3
494 1146 534 1172 ut
557 1140 735 1171 Luxorius.

32 1197 141 1231 Iidem
171 1194 333 1226 contemtis
364 1193 448 1223 bene
478 1200 541 1231 pro
575 1190 738 1221 contentis.

33 1246 142 1278 Idem.

75 1300 116 1328 23
150 1295 270 1336 Effossi
299 1303 450 1325 marmore
478 1291 570 1331 sulci]
614 1291 738 1331 Effosso

33 1352 129 1378 recte
147 1355 223 1377 cum
238 1344 374 1384 scriptis
391 1342 497 1373 Aldus
515 1347 551 1372 et
563 1341 738 1372 BarthiuS.

33 1398 102 1429 Pro
118 1396 282 1435 longinquo
295 1394 395 1425 limite
408 1393 572 1433 putabam
589 1392 739 1432 aliquan-

33 1448 76 1479 do
91 1447 234 1478 continuo
250 1445 364 1483 limite,
390 1445 443 1474 vel
467 1444 610 1481 contiguo
633 1443 740 1472 saucia

33 1507 122 1537 saxa,
147 1495 315 1537 quomodo
346 1494 446 1524 alibi:
481 1495 489 1510 ‘
507 1493 631 1523 Saucia
658 1491 740 1522 divi-

36 1549 110 1580 duis
128 1550 306 1577 rarescunt
322 1545 439 1575 nubila
457 1541 582 1573 sulcis!
607 1543 706 1572 Idem.

76 1601 119 1629 26
142 1597 282 1632 Semita;
310 1596 356 1626 vel
367 1594 470 1634 casus]
496 1594 563 1624 Nec
574 1602 662 1623 casus
674 1591 740 1622 Pa-

36 1652 102 1680 tav.
126 1647 257 1678 nicusus
275 1652 369 1687 puto,
388 1645 440 1675 vel
453 1655 507 1675 seu
522 1653 619 1674 cusos.
648 1643 739 1673 Male

37 1699 88 1730 vir
102 1699 222 1730 doctus
244 1699 358 1728 Cacum
380 1697 435 1727 hic
459 1696 556 1726 nobis
574 1694 741 1733 venditat,

38 1751 140 1782 etiam
157 1749 314 1781 secundis
333 1748 422 1779 curis
438 1747 522 1777 mira
539 1744 739 1786 pertinacia.

38 1801 223 1833 Fortuitam
249 1801 339 1830 illam
363 1799 520 1830 semitam
553 1798 626 1828 vult
657 1806 739 1828 esse.

37 1851 175 1889 Statius,
202 1852 210 1867 ‘
229 1851 332 1881 Casus·
363 1850 435 1890 agit
465 1849 601 1879 virtutis
632 1847 740 1888 opus.’

38 1901 199 1942 Virgilius
217 1901 333 1931 Culicc
348 1911 355 1931 :
379 1901 387 1916 ‘
403 1900 559 1940 Namque
576 1899 625 1929 illi
638 1898 740 1929 dede-

38 1953 126 1984 ritne
143 1952 229 1983 viam
254 1960 398 1981 casusne
422 1951 565 1981 Deusne
591 1948 741 1980 Prodere

38 2003 82 2034 sit
99 2002 261 2034 dubium.'
309 2003 347 2032 In
365 2002 458 2033 Ciri:
485 2003 494 2017 ⁴
512 2001 601 2032 Nam
626 2000 690 2031 nisi
707 2005 742 2031 te

38 2054 277 2094 nobis‚malus,
294 2064 311 2083 o
324 2054 430 2084 malus
443 2053 571 2093 optima
586 2053 742 2091 Charme,

38 2104 130 2136 Ante
146 2105 235 2134 bunc
250 2108 471 2143 conspectum
484 2112 622 2133 casusve
635 2103 743 2133 Deus-

40 2163 81 2185 ve
97 2154 255 2185 tulisset.'
280 2155 378 2185 Idem.

86 2205 142 2236 Vel
163 2214 250 2235 casus
272 2205 402 2235 vomeris
428 2205 492 2243 egit
521 2203 608 2243 opus]
640 2203 744 2233 Certa

39 2265 92 2288 res
107 2256 378 2293 emaculandum,
393 2260 431 2285 ut
447 2265 507 2285 nos
532 2255 612 2285 olim
629 2253 743 2293 conje-

40 2305 145 2337 cimus
159 2316 166 2335 ε
192 2305 351 2343 Herculei,
365 2305 409 2335 sic
425 2304 516 2342 falna
533 2303 642 2341 refert,
658 2313 742 2333 mon-

40 2359 160 2386 etrutur
174 2357 272 2385 aratri
287 2355 418 2393 semita,
434 2356 481 2385 rel
500 2355 598 2384 Cacus
613 2353 743 2383 vomeris

40 2408 106 2447 egit
123 2417 207 2447 opus.
254 2408 314 2436 lile
338 2407 480 2437 Vulcani
508 2406 608 2444 filius,
631 2406 742 2445 ignem

43 2467 101 2488 ore
128 2467 265 2496 spuens,
291 2457 360 2487 solo
384 2457 532 2487 Hercule
555 2457 680 2487 viribus
698 2457 743 2486 in-

43 2506 159 2545 ferior,
184 2508 261 2544 linc,
289 2507 407 2546 inquit,
438 2505 547 2537 fertur
573 2515 743 2536 vomerem

45 2566 146 2597 agere
161 2557 289 2587 solitus.
316 2557 430 2587 Barth.

88 2611 128 2639 27
151 2607 259 2646 Pelagi
271 2605 508 2646 Iutefiagrantis
517 2605 636 2644 imago]
653 2605 746 2645 Stag-

44 2659 148 2690 nantia
159 2657 343 2699 opinabar:
367 2657 427 2688 sed
438 2657 483 2687 nil
496 2665 646 2687 necesse.
663 2657 672 2673 ‘
685 2655 747 2687 Ar.

1373 128 1484 172 1711

783 235 922 265 dentem
948 232 1078 274 aquam’
1105 241 1209 272 snpra
1240 231 1386 264 dixerat.
1440 234 1483 265 D.

784 285 897 316 Heius.

827 340 867 368 30
891 337 1024 367 Arcanoe
1050 334 1151 375 rupis]
1197 335 1324 365 Arcatoe
1346 334 1482 365 malim:

786 388 861 418 vide
890 393 987 417 notas
1014 395 1062 417 vr.
1089 386 1191 416 Cous.
1219 385 1309 416 Hon.
1332 394 1381 415 vs.
1409 387 1485 415 518.

785 438 864 468 nihil
890 443 1004 468 tamen
1023 441 1150 467 temere
1168 440 1306 473 mutem,
1326 445 1401 466 cum
1419 444 1486 465 me-

785 489 935 519 minerim
954 489 1069 518 lioruin
1081 487 1307 517 Statianorum
1320 485 1424 517 Theb.
1435 495 1488 517 ix.

785 541 794 556 ‘
814 539 861 569 At
887 544 984 578 pater
1010 548 1132 568 arcano
1161 537 1311 567 residens
1337 536 1488 567 Ismenos

786 591 820 620 in
837 593 956 620 antio·
1002 589 1144 619 Arcadiw
1162 587 1350 617 Palatinus.
1377 586 1474 617 Idem.

829 643 867 670 31
884 640 1007 670 Densus
1016 638 1092 669 nube
1100 639 1170 678 suo]
1196 638 1318 667 Mersus
1333 636 1400 667 duo
1413 637 1488 667 Flo-

787 690 922 728 rentini,
939 695 1017 720 tert.
1034 690 1111 720 Vat.
1129 693 1165 719 et
1190 687 1437 726 Rottendorpli.
1452 691 1489 717 et

787 744 856 771 tum
876 741 974 781 paulo
992 746 1068 780 post
1087 749 1146 779 pro
1164 748 1274 776 mersu,
1293 741 1359 768 tota
1374 738 1487 777 legen-

786 789 877 827 dum,
893 795 929 820 ut
946 790 1065 829 scripti
1079 788 1227 818 nonnulli
1243 794 1274 817 et
1289 787 1408 827 priscae
1421 786 1492 817 edi-

785 840 893 871 tiones
909 850 984 871 cum
1004 840 1101 879 prim.
1118 839 1197 870 Vat.
1220 839 1317 868 Idem.

829 893 869 920 33
897 892 943 921 Ne
959 895 1024 921 totu
1040 890 1167 929 niteret]
1201 890 1354 927 Corrige,
1369 898 1406 918 ne
1421 891 1490 919 toln

785 942 906 972 lateret.
951 941 1021 978 Ait,
1049 950 1086 970 ne
1109 942 1174 969 toea
1196 939 1243 968 ris
1257 948 1324 976 sua,
1346 943 1381 968 et
1397 939 1489 969 lacus

786 992 912 1022 lateret
938 991 1021 1030 ipse,
1050 991 1156 1020 instar
1178 998 1243 1019 non
1261 988 1491 1028 subsistentis,

787 1041 998 1071 consuluisse
1026 1040 1089 1070 sibi
1122 1044 1290 1078 naturam,
1320 1043 1356 1069 et
1381 1038 1490 1068 oculis

786 1091 1008 1131 spectandum
1020 1089 1153 1120 dedisse
1167 1098 1232 1129 qua
1246 1087 1391 1128 pedibus
1403 1087 1491 1118 adiri

787 1152 852 1173 non
870 1146 996 1182 posset.
1022 1140 1137 1171 Barth.

830 1196 869 1223 35
898 1192 1051 1222 Turbidus
1073 1190 1204 1230 impulsu
1219 1188 1303 1220 venti
1321 1197 1391 1219 cum
1405 1197 1492 1228 spar-

785 1244 875 1282 gitur
889 1242 958 1282 aiir]
981 1243 1071 1272 Puto
1087 1241 1220 1280 impulsu
1237 1237 1386 1279 Zephyri.
1413 1238 1492 1269 Non

788 1294 876 1324 enim
904 1292 1012 1322 omnis
1034 1297 1154 1321 ventus
1180 1290 1296 1320 nubila
1318 1289 1404 1319 coelo
1427 1288 1494 1318 dis-

789 1343 894 1384 pellit.
940 1342 1017 1373 Fuit
1043 1342 1145 1372 etiam
1169 1349 1244 1369 cum
1273 1337 1491 1368 scribendum

789 1393 957 1433 opinarer,
987 1402 1056 1422 cum
1085 1391 1222 1429 tergitur
1247 1389 1321 1419 aer.-
1355 1397 1431 1418 nam
1459 1388 1493 1418 in

789 1443 956 1473 nonnullis
971 1441 1107 1482 scriptis
1121 1439 1345 1479 conspergitur.
1369 1437 1493 1469 Horat.

789 1494 797 1510 ‘
818 1492 928 1523 Albus
955 1497 993 1522 ut
1021 1491 1164 1521 obscuro
1193 1490 1351 1529 deterget
1377 1488 1494 1519 nubila

789 1544 874 1574 coelo
889 1543 989 1582 Saepe
1003 1541 1136 1572 Notus)
1160 1541 1288 1571 Noster
1305 1540 1376 1579 ipse
1391 1539 1469 1569 alibi
1484 1549 1492 1569 :

790 1594 799 1610 ⁴
817 1592 989 1632 Principis
1007 1596 1041 1621 et
1058 1591 1137 1621 solis
1162 1590 1261 1620 radiis
1284 1589 1421 1619 detersa
1441 1598 1493 1618 re-

789 1643 896 1674 movit
915 1641 1065 1673 Nubila!
1086 1642 1129 1672 D.
1148 1641 1262 1671 Heius.

833 1698 874 1726 36
899 1695 1077 1733 Glaucoque
1088 1691 1265 1731 fumiferoe]
1303 1689 1409 1720 Prim.
1430 1689 1496 1719 Va·

791 1746 847 1777 tic.
871 1745 1012 1776 Mediol.
1030 1744 1152 1774 Patav.
1167 1744 1318 1781 claraque.
1343 1739 1450 1770 Idem.

834 1798 935 1835 Terga
946 1795 1047 1836 oquae]
1063 1792 1300 1834 Superficiem,
1316 1800 1496 1830 supernam

790 1854 934 1889 partem.
964 1847 1019 1877 Sic
1038 1853 1134 1885 terga
1147 1849 1248 1875 terrae
1264 1852 1324 1883 pro
1343 1841 1495 1882 planitie.

791 1899 908 1930 Barth.

835 1952 876 1980 38
905 1949 1031 1979 Veteres
1046 1947 1144 1977 hastoe
1160 1945 1247 1984 regia
1267 1945 1346 1974 donn
1370 1941 1497 1982 patent]

792 1998 1025 2039 Conjiciebam
1058 1995 1238 2036 aliquando
1274 1997 1392 2023 veteres
1427 1991 1497 2022 tali.

792 2048 974 2080 Suetonius
1003 2047 1035 2077 iu
1064 2045 1205 2076 Tiberio
1236 2053 1266 2074 c.
1297 2045 1347 2072 14.
1386 2043 1394 2058 ‘
1415 2042 1496 2071 Mox

793 2110 869 2130 cum
882 2098 1056 2139 Illyricum
1069 2101 1190 2136 petens
1202 2094 1305 2134 juxta
1316 2091 1496 2122 Patavium

793 2150 934 2181 adiisset
970 2146 1140 2188 Geryonis
1176 2145 1361 2181 oraculum,
1405 2146 1498 2173 sorte

794 2205 919 2238 tracta,
937 2209 1002 2239 qna
1019 2197 1231 2233 monebatur,
1257 2200 1293 2225 ut
1309 2194 1351 2224 de
1368 2193 1500 2224 consul·

793 2250 976 2281 tationibus
1000 2250 1033 2279 in
1061 2248 1171 2288 Aponi
1196 2248 1321 2276 sontem
1339 2245 1423 2275 talos
1441 2253 1499 2275 au·

794 2312 868 2332 reos
878 2302 1011 2341 jaceret
1027 2311 1036 2337 ς
1061 2299 1189 2337 evenit,
1205 2303 1240 2328 nt
1257 2306 1422 2327 summum
1438 2305 1498 2326 nu-

794 2361 921 2383 merum
942 2351 1028 2391 jacti
1054 2350 1096 2379 ab
1119 2359 1158 2380 vo
1180 2348 1421 2385 ostenderent3
1444 2346 1502 2376 ho-

794 2404 917 2444 dieque
933 2404 994 2433 suli
1012 2412 1098 2442 aqua
1114 2402 1269 2431 visuntur
1283 2400 1304 2429 ii
1321 2398 1401 2430 tali!
1427 2399 1498 2429 Cae-

794 2458 903 2485 terum
921 2458 1026 2483 sortes
1043 2462 1084 2481 ex
1109 2451 1228 2491 Apono
1254 2451 1378 2489 petitas
1403 2450 1500 2488 patet

794 2515 837 2535 ex
870 2504 1029 2534 Pollionis
1057 2502 1212 2533 Claudio.
1247 2501 1303 2530 ubi
1329 2500 1363 2529 in
1391 2499 1498 2538 Apono

796 2565 858 2595 pro
892 2555 1053 2594 Apennino
1083 2552 1275 2591 legendum.
1315 2548 1499 2588 =Vopiscus

795 2615 931 2646 quoque
948 2605 980 2635 in
1000 2605 1111 2635 Firmo
1132 2603 1345 2642 Aponimwum
1369 2598 1500 2630 sortium

796 2656 959 2687 meminit.
1013 2655 1194 2686 Lucanus:
1235 2654 1243 2669 ‘
1259 2652 1420 2692 Euganeo
1454 2644 1499 2687 <si
