1763 3116
586 139 965 171 EPIGRAMMATA.

55 237 161 278 epigr.
173 241 225 269 47.
249 238 258 255 ‘
273 237 385 268 Vitam
399 244 471 276 quae
484 233 614 265 faciunt
628 234 753 265 beatio-

56 298 139 328 rem,
168 287 416 321 Jucuudissime
462 284 643 323 Martialis,
679 285 752 315 haec

54 345 151 370 sunt:
179 339 245 370 Res
256 347 320 368 nou
332 341 429 376 parta
442 334 568 374 labore,
585 334 643 365 sed
656 334 753 365 relic-

56 395 102 428 ta,
114 390 189 421 Nou
203 390 353 429 ingratus
365 396 457 426 ager,
469 385 562 416 focus
573 385 752 425 perennis!

57 440 195 481 Hasque
211 447 291 478 opes
316 437 467 478 agnoscit
494 435 664 467 Hesiodus
680 435 754 476 χρή-

53 502 137 527 ματα
175 487 322 519 θεόσδοτα
363 487 516 518 omnibus
557 485 754 527 praeferens.

59 539 171 570 Barth.

96 589 200 628 Felix,
216 589 267 629 qui
281 587 431 628 propriis]
450 587 570 618 patriis
586 587 662 626 lege
679 596 753 617 cum

54 640 189 679 scriptis
219 639 390 680 plerisque
422 644 457 669 et
488 638 642 669 Barthio.
690 638 755 668 Lu-

53 699 144 721 ceuS.
158 695 228 730 opt.
244 689 396 720 Ambros.
409 693 443 720 et
455 688 600 729 quinque
615 687 669 718 alii
681 697 756 717 cum

54 741 144 771 Aldo
156 743 253 780 agris,
267 751 330 772 non
345 742 450 776 arris;
473 745 510 771 ut
528 739 618 779 apud
638 739 756 769 Horat.

52 793 60 808 ‘
80 791 297 823 Gaudentem
324 792 450 831 patrios
471 789 599 820 findere
626 789 756 819 sarculo

53 840 188 882 Agros.'
219 842 349 872 Seneca
361 841 509 872 Hercule
528 840 659 870 OEtaeo:
675 840 683 856 ‘
701 849 757 879 pa·

54 891 190 931 trioque
213 891 334 922 sedens
362 891 431 921 ales
455 890 488 920 iu
517 890 619 930 agro?
654 889 755 919 ovid.

55 941 142 972 Met.
160 940 305 971 lib.xw.
329 941 338 956 ‘
355 940 475 979 patriis
500 941 557 970 sed
583 949 695 970 rursus
716 939 757 969 ab

54 991 144 1032 agris
172 990 310 1021 Pellor.’
350 990 552 1030 Propertius
584 989 670 1019 libro
701 998 755 1019 111.

55 1043 151 1082 Eleg.
168 1045 197 1073 7.
221 1042 229 1058 ‘
247 1040 347 1073 Quod
375 1040 400 1070 si
425 1034 606 1071 contentus
629 1039 758 1079 patrios

56 1091 143 1123 bove
162 1095 314 1122 verteret
330 1100 425 1130 agros
439 1089 460 1120 :'
485 1090 533 1120 ita
550 1089 674 1127 scribe,
692 1098 758 1118 nou

52 1142 157 1183 patrio
175 1142 258 1181 bove,
275 1152 317 1172 ex
343 1142 401 1172 illo
428 1140 639 1171 Horatiano:
666 1140 674 1156 ‘
695 1139 759 1169 Pa-

56 1199 154 1224 terna
171 1202 248 1224 rura
261 1192 369 1223 bubus
385 1195 523 1222 exercet
538 1189 628 1221 suis.’
665 1190 761 1220 Artis

57 1244 214 1275 tamenin
233 1243 329 1284 prim.
345 1243 504 1273 Vatican.
524 1241 663 1281 aliisque
681 1249 761 1270 nou-

57 1295 179 1333 nullis;
210 1293 377 1335 quomodo
406 1293 489 1323 libro
528 1301 551 1322 1.
584 1291 618 1320 iu
650 1289 760 1321 Rufin.

56 1347 64 1362 ‘
81 1346 144 1376 aevi
163 1345 337 1376 Consumis
362 1342 479 1374 florem
510 1342 629 1382 patriis
657 1341 763 1380 inglo-

58 1396 124 1426 rius
153 1395 262 1426 arvis!
307 1394 435 1425 Statius
463 1392 571 1422 Theb.
591 1400 628 1422 11.
651 1391 660 1407 ‘
679 1395 713 1421 at
737 1390 763 1420 si

58 1445 178 1486 patriis
194 1444 399 1475 Parthaonis
409 1443 496 1473 arvis
512 1440 670 1472 Inferar.‘
687 1441 763 1471 Vir-

59 1497 156 1536 gilius
181 1495 313 1526 AEneid.
338 1503 401 1524 vn.
436 1493 582 1533 ‘patriis
609 1491 667 1522 sed
695 1501 763 1521 non

60 1550 94 1577 ct
131 1544 220 1576 filius
248 1545 336 1575 arvis
369 1542 584 1575 Contentus!
632 1543 764 1572 Seneca

60 1596 206 1628 Medea:
242 1597 250 1612 ‘
279 1605 339 1625 sua
367 1595 507 1635 quisque
538 1594 633 1633 piger
663 1593 764 1623 litora

61 1652 200 1686 tangens
231 1646 418 1686 Patrioque
466 1654 568 1675 senex
594 1643 702 1674 factus
730 1643 763 1673 in

61 1707 140 1729 arvo
158 1697 179 1729 :¹
204 1698 253 1728 ita
280 1697 349 1728 illic
376 1696 576 1727 veterrimus
592 1696 676 1726 liber
692 1696 764 1726 Me-

61 1749 188 1780 diceus.
235 1747 402 1779 Ausonius
425 1747 502 1778 ludo
525 1751 657 1786 septem
675 1747 764 1785 sapi-

63 1805 200 1838 entum3
220 1799 274 1830 ubi
299 1799 423 1829 Solon:
449 1799 457 1814 ‘
472 1797 587 1828 iuveni
607 1796 765 1837 Aglaum,

62 1850 160 1881 Fines
179 1850 233 1891 qui
258 1849 359 1889 agelli
387 1848 489 1888 patrii
514 1856 684 1887 nunquam
709 1856 765 1877 ex-

64 1900 233 1931 cesserat!
279 1899 332 1930 Ita
364 1899 498 1929 videtur
535 1895 765 1935 scribendum,

63 1961 129 1982 non
141 1951 282 1991 proprii:
299 1958 489 1990 quanquam
502 1948 578 1979 Val.
593 1947 765 1978 Maximus

64 2010 128 2032 ur.
160 2003 190 2031 l.
226 2000 269 2031 de
306 2000 369 2030 hoc
402 2000 474 2039 ipso
504 1998 634 2038 Aglao:
657 1997 766 2028 ‘fines

64 2051 166 2092 agelli
179 2051 230 2081 sui
243 2059 411 2091 nunquam
425 2047 641 2080 excesserat?
665 2048 767 2079 Scho-

64 2104 180 2134 liastes
210 2101 387 2135 Juvenalis
413 2101 483 2131 Sat.
515 2108 590 2130 Χιν.
619 2108 668 2129 VS.
695 2102 768 2130 118.

65 2156 75 2170 ⁴
95 2153 222 2194 Aglaus
240 2152 348 2183 Arcas
365 2151 603 2192 quinunquam
620 2150 768 2189 patrium

68 2205 214 2245 agellum
232 2204 461 2234 excesserat.’·
494 2200 626 2231 Solinus
649 2209 725 2239 cap.
745 2209 768 2229 1.

68 2259 76 2273 ‘
91 2256 205 2286 Solum
217 2261 310 2286 certe
323 2254 459 2285 beatum
474 2251 614 2282 Cortina
625 2250 770 2291 Aglaum

63 2306 243 2346 judicavit,
265 2305 320 2346 qui
345 2305 378 2336 in
411 2302 650 2345 angustissimo
669 2301 772 2332 Arca-

71 2358 137 2389 diae
168 2358 290 2397 angulo
312 2356 472 2397 pauperis
504 2354 567 2385 soli
606 2353 772 2393 dominus,

72 2416 242 2448 nunquam
273 2416 428 2446 egressus
469 2404 603 2446 paterni
635 2403 772 2445 cespitis

75 2457 235 2489 terminos
250 2456 442 2487 invenitur.’
470 2456 513 2487 D.
531 2455 644 2485 Heius.

115 2510 135 2537 2
172 2507 245 2546 Ipsa
274 2507 378 2536 domus
406 2515 532 2545 puerum
562 2515 650 2545 quem
676 2505 774 2543 videt,

75 2559 141 2598 ipsa
152 2557 267 2596 senem]
304 2555 460 2586 Jucunda
486 2559 599 2585 autem
616 2555 776 2586 memoria

75 2612 224 2641 locorum
255 2609 288 2638 iu
320 2607 438 2648 quibus
466 2610 641 2637 transacta
666 2607 776 2647 prima

78 2659 237 2702 pueritia.
263 2658 379 2689 Barth.

120 2714 138 2742 3
164 2710 283 2741 Baculo
307 2707 424 2748 nitens]
454 2706 614 2748 Tripedis
632 2707 704 2748 jam
727 2716 777 2739 se-

1394 127 1506 169 1717

805 238 916 265 nectae
934 233 1097 266 subsidio.
1126 233 1221 264 Idem.

845 288 864 316 4
894 286 993 316 Unius
1009 283 1164 323 numerat]
1201 281 1332 313 Buslid.
1350 286 1378 312 et
1405 293 1507 315 nume-

802 338 865 366 rat.
905 336 996 375 Lege
1024 337 1191 365 enumerat.
1230 333 1311 363 Mox
1333 342 1394 372 pro
1421 335 1508 364 vario

803 387 935 416 tumultu
951 386 1057 426 possit
1073 389 1106 415 et
1121 394 1196 415 vano
1211 384 1289 424 legi.
1315 383 1358 413 D.
1381 383 1492 414 Heius.

829 437 927 468 Unius
941 439 1081 467 nutrierat
1097 437 1208 466 soecula
1218 436 1307 474 longa
1320 433 1412 473 casce]
1438 434 1508 464 Sae-

804 488 892 525 cula,
914 488 1077 524 ποιητικῶς
1099 487 1216 525 longas
1234 490 1366 523 aetates,
1383 484 1508 514 multos

805 547 907 568 annos
938 538 1111 574 indlcaut;
1143 536 1200 566 sed
1230 540 1264 566 et
1292 544 1370 565 vere
1394 539 1508 565 tamen

805 587 970 618 dicantur.
995 586 1284 619 Jucuudissimum
1298 590 1410 615 autem
1426 583 1509 615 illud

805 638 896 667 unius
910 648 999 668 casce.
1047 638 1091 667 Et
1114 642 1239 678 quanta
1256 637 1430 675 voluptate
1448 644 1510 675 pu-

809 693 859 718 tes
876 688 942 718 tale
958 687 1128 727 tugurium
1145 691 1364 727 aspectui-um
1381 694 1511 724 senem,

808 743 910 769 tantae
939 748 1052 769 secum
1078 738 1205 769 aetatis!
1253 736 1384 766 Deinde
1407 735 1509 766 etiam

807 788 844 819 τὸ
859 792 996 819 numerat
1015 789 1220 829 peculiarem
1246 785 1510 817 delectationem

808 839 925 877 infert,
941 844 993 870 est
1010 839 1095 868 euim
1114 839 1145 868 iu
1163 848 1202 868 eo
1228 836 1364 866 exactio
1383 835 1423 866 ad
1451 844 1511 865 nu-

808 899 936 919 merum
957 898 1093 929 prorsus
1124 887 1227 927 (ligna
1255 886 1353 916 senili
1374 884 1513 915 curiosi-

810 944 881 970 tate
920 943 954 968 et
997 937 1239 968 sollicitudine.
1303 935 1511 974 Comparate

809 989 912 1018 etiam
930 987 1051 1017 baculo
1068 996 1144 1017 cum
1163 985 1367 1025 reptatione,
1383 984 1512 1015 videbis

809 1038 957 1077 speciem
968 1037 1142 1076 utriusque
1154 1035 1265 1066 aetatis
1276 1034 1511 1074 gratissimam.

810 1090 858 1120 Ut
885 1089 973 1119 euim
1002 1087 1188 1126 decrepitae
1220 1086 1283 1115 niti
1309 1085 1443 1123 baculo,
1464 1084 1512 1115 sic

810 1144 862 1170 est
875 1138 1052 1177 infantilis,
1069 1142 1219 1177 reptare.
1246 1135 1361 1166 Barth.

854 1194 871 1219 5
898 1189 990 1220 Illum
1015 1199 1075 1219 non
1099 1188 1184 1218 vario
1206 1187 1307 1217 traxit
1317 1186 1450 1224 fortuna
1465 1188 1515 1216 tu-

811 1240 924 1279 multu]
947 1240 1119 1279 lgnotam,
1138 1239 1198 1277 ait,
1223 1237 1323 1267 habet
1341 1235 1514 1266 fortunam

812 1300 957 1329 omnem,
983 1291 1112 1327 ignotos
1143 1290 1214 1329 ejus
1237 1288 1414 1327 tumulum,
1438 1296 1513 1327 quae

813 1342 903 1371 levat
920 1346 955 1370 et
980 1340 1141 1379 ‹leprimit
1157 1339 1284 1378 absque
1306 1337 1436 1368 ratione
1447 1346 1516 1367 om-

812 1391 869 1421 nia
898 1396 974 1420 vota
1000 1389 1062 1429 ipsi
1082 1384 1122 1419 ‘se
1149 1387 1376 1418 atldicentium
1392 1391 1516 1417 morta-

813 1441 905 1472 lium.
952 1441 1126 1478 Tumultus,
1141 1449 1239 1469 omne
1255 1438 1343 1479 quod
1356 1443 1454 1469 extra
1470 1436 1517 1467 ci-

814 1496 933 1531 traque
951 1490 1104 1520 ordinem
1119 1489 1156 1519 fit
1170 1494 1203 1519 et
1214 1488 1394 1526 contingit.
1420 1487 1516 1518 Idem.

857 1544 874 1571 7
901 1539 1063 1578 Naufrela
1076 1542 1226 1570 mercator
1236 1537 1358 1577 timuit]
1377 1538 1516 1568 Tremuit

815 1591 922 1623 Aldus
953 1596 988 1622 et
1014 1590 1166 1621 nonnulli
1197 1588 1338 1629 scripti3
1379 1597 1442 1629 quo
1474 1587 1516 1617 de

815 1642 921 1673 verbo
939 1641 1029 1672 alibi.
1053 1641 1097 1671 D.
1116 1639 1229 1670 Heius.

857 1693 929 1723 Non
935 1692 1025 1730 freta
1037 1694 1189 1721 mercator
1200 1687 1323 1728 timuit]
1344 1686 1517 1718 Summum

815 1747 1012 1774 mercaturae
1026 1741 1226 1782 periculum,
1242 1738 1331 1780 quod
1348 1747 1440 1768 mare
1455 1747 1519 1767 me-

816 1798 912 1824 tuere
936 1791 1076 1823 habeut.
1112 1790 1299 1821 Horatius:
1339 1790 1348 1805 ‘
1376 1788 1520 1818 Luctan-

816 1846 886 1873 tem
903 1842 1021 1872 Icariis
1036 1839 1195 1871 fluctibus
1211 1837 1367 1870 Africum
1385 1838 1520 1869 Merca-

818 1898 872 1924 tor
888 1897 1042 1922 metuens
1060 1891 1186 1929 otium‚'
1202 1891 1264 1920 ἃς.
1291 1888 1405 1919 Barth.

862 1946 881 1973 8
906 1942 979 1972 Non
1010 1941 1097 1971 raum'
1124 1940 1194 1970 lites
1218 1938 1349 1979 pertulit
1366 1939 1416 1968 ille
1435 1936 1520 1977 sori]

820 1992 1086 2024 Caussidicinam
1103 1990 1199 2029 dicit,
1220 1993 1405 2019 monstrum
1433 1992 1523 2018 tran-

820 2042 980 2084 quillitati
1020 2039 1305 2072 adversissimum.
1351 2037 1521 2069 Martialis

820 2095 908 2125 inter
922 2094 999 2124 vitm
1014 2092 1125 2123 beatae
1143 2089 1326 2131 requisita:
1343 2089 1351 2105 ‘
1370 2088 1427 2119 Lis
1441 2097 1522 2118 nun-

821 2154 932 2186 quam,
946 2149 1027 2184 toga
1039 2149 1231 2181 rara,mens
1247 2139 1389 2180 quieta.'
1423 2138 1524 2169 Rauci

824 2206 842 2226 a
858 2194 1035 2235 perpetuis
1052 2190 1377 2223 concertationibus.
1405 2190 1501 2220 Idem.

865 2249 885 2276 9
910 2244 1059 2276 Indocilis
1070 2241 1186 2282 rerum]
1202 2241 1442 2282 Negotiorum,
1455 2246 1524 2271 tur-

822 2298 951 2330 barum.
998 2295 1126 2326 Noster
1153 2302 1285 2323 omnem
1318 2301 1413 2322 usum
1446 2291 1524 2321 vitae

823 2349 931 2381 civilis
947 2347 1109 2378 rusticulo
1123 2355 1181 2376 suo
1196 2345 1348 2385 ignotum
1366 2343 1461 2374 dicit.

872 2400 990 2431 Viciuce
1001 2397 1121 2428 nescius
1135 2395 1234 2435 urbis]
1258 2395 1331 2426 Nec
1345 2396 1452 2436 ipsam
1469 2402 1526 2424 no-

825 2452 914 2482 visse
925 2458 1057 2481 curans.
1083 2447 1201 2478 Barth.

869 2505 909 2533 10
936 2502 1090 2541 Adspectu
1115 2499 1241 2536 fruitur
1273 2497 1415 2527 liberiore
1449 2494 1527 2535 poli]

826 2554 936 2585 Quem
967 2550 1102 2592 quidem
1127 2549 1281 2579 omnibus
1310 2546 1424 2587 Regiis
1441 2544 1527 2585 pala-

826 2604 882 2635 tiis
895 2608 930 2634 et
946 2600 1160 2643 laquearibus
1178 2608 1329 2638 opponas
1344 2601 1378 2627 et
1394 2603 1526 2636 praepo-

827 2663 886 2685 nas
902 2662 1016 2684 unum.
1041 2650 1171 2683 Quanti
1186 2649 1275 2680 enirn
1292 2655 1429 2679 censeas
1446 2653 1529 2673 sem-

828 2714 890 2746 per
905 2701 1032 2735 intueri
1048 2709 1148 2742 posse
1173 2698 1292 2730 coelum
1320 2706 1361 2728 ex
1383 2703 1448 2735 quo
1465 2692 1527 2723 ori-
