1859 3148
338 136 445 194 ¹⁶⁴⁴

530 147 668 177 uo'rAE
702 148 965 178 ulmorum
999 149 1050 178 IN
1085 150 1160 180 ct..
1192 151 1374 183 CLAUD.
1409 144 1593 184 xxxiv.

933 423 1180 467 XXXIV.

360 612 457 659 DE
501 613 733 660 RAPTU
775 613 1122 663 PROSERP.
1155 617 1399 665 LIB.11.
1442 619 1754 667 PRAEFAT.

372 798 569 830 Pnfflzmuo
586 800 657 830 haee
682 799 791 830 alieno
813 800 886 831 loco
904 800 1030 830 inserta

327 849 485 880 videtur:
521 850 562 879 ad
583 860 650 880 rem
679 856 772 881 certe
792 861 858 881 non
883 850 978 890 facit,
994 856 1029 882 ut

329 900 479 930 tollenda
495 900 641 931 fortasse
670 902 725 932 sit.
774 903 861 932 Nam
887 903 934 933 sic
963 903 1029 933 Re-

328 950 400 987 gius
417 960 454 980 ac
475 950 677 981 Oxoniensis
703 952 926 991 librijubent,
951 963 1030 993 quo-

328 1009 398 1030 rum
417 1001 558 1039 margini
585 1001 656 1031 haec
682 1001 876 1041 adscripta:
912 1004 920 1018 ‘
939 1003 1028 1033 Illud

329 1055 435 1080 totum
454 1051 495 1080 ab
519 1052 580 1081 boc
611 1062 720 1089 vcrsu,
741 1063 845 1093 usquc
868 1054 959 1083 illum
983 1055 1029 1084 lo-

328 1108 415 1136 cum,
445 1100 585 1140 Impulit
610 1101 735 1140 Ionios,
754 1103 908 1132 vitiosum
927 1104 1030 1133 inser·

329 1153 398 1178 tum
417 1154 478 1179 est.
496 1150 572 1190 quia
590 1160 654 1181 non
678 1157 730 1182 est
758 1152 798 1181 de
825 1153 885 1183 hoc
915 1163 1029 1193 opere,

327 1198 386 1227 scd
405 1198 570 1229 l’raefdtio
587 1202 757 1240 cujusdam
776 1203 927 1241 alterins,
941 1204 1029 1242 ejus·

328 1248 402 1278 (lem
423 1254 535 1280 tamen
553 1251 722 1282 auctoris)
746 1253 789 1282 D.
808 1253 920 1282 Heius.

373 1301 538 1331 Praefatio
564 1303 635 1331 haec
663 1303 790 1342 scripta
817 1303 927 1333 estad
954 1305 1030 1334 Flo-

327 1350 508 1385 rentinum,
526 1351 629 1379 virum
660 1351 751 1389 pacis
781 1352 924 1392 bellique
949 1353 1029 1383 arti-

327 1398 388 1428 bus
405 1398 562 1438 nobilem,
578 1404 614 1429 nt
641 1399 798 1430 discimus
816 1410 856 1431 ex
875 1402 1028 1441 epistolis

325 1447 528 1487 Symmachi.
589 1449 665 1479 Fuit
705 1459 784 1479 vero
836 1451 1026 1482 Praefectns

326 1498 426 1536 Urbi,
445 1498 542 1528 Auno
560 1501 632 1529 397.
671 1500 821 1530 Caesario
844 1507 878 1531 ct
912 1502 1026 1532 Attico

326 1548 421 1579 Coss.
458 1558 522 1588 quo
553 1554 705 1589 tempore
743 1551 878 1581 videtur
917 1552 1026 1583 Potssta

325 1609 408 1638 opus
425 1599 651 1629 intermissum
669 1600 772 1639 ipsius
797 1601 932 1632 hortatu
949 1612 1025 1642 per·

324 1654 462 1680 secutus
478 1658 564 1680 csse.
593 1650 712 1680 elaver.

369 1702 380 1728 l
423 1699 578 1739 Orpheus]
629 1701 779 1731 Palmam
818 1702 1026 1733 Musicornm

325 1754 482 1779 cantuum
511 1750 586 1780 hnic
625 1751 785 1782 adscribit
818 1752 1026 1793 Antiquitas,

325 1797 451 1829 effectu
469 1799 541 1839 ipso
559 1809 672 1830 eorum
691 1802 847 1840 probanti
866 1809 1025 1842 pru‘stan-

326 1849 419 1888 tiam,
437 1849 638 1881 formatione
665 1853 818 1882 nimirum
845 1858 880 1883 ct
897 1853 1026 1884 institu-

325 1899 417 1929 tione
444 1900 613 1930 bominum
639 1901 679 1930 ad
710 1902 881 1932 meliorem
912 1903 1025 1934 vitam.

326 1949 442 1980 Barth.

367 2002 385 2027 2
410 1999 597 2038 seposuissce
614 1999 702 2040 opus]
736 2001 812 2032 Non
829 2003 1026 2042 deposuisset,

325 2047 471 2078 Clavcrii
499 2049 629 2079 codex:
666 2050 739 2079 ebur
759 2051 860 2080 etiam
892 2051 1024 2082 Vossia-

324 2107 384 2127 nus
399 2098 497 2128 altcr.
523 2099 566 2128 D.
586 2099 697 2129 Heius.

369 2148 468 2187 Opus]
504 2150 580 2180 Quo
603 2149 769 2187 clarebat,
797 2151 884 2190 quod
903 2152 932 2182 ci
952 2158 1023 2183 crat

325 2198 417 2227 velut
435 2199 617 2237 proprium.
644 2199 759 2229 Barth.

366 2251 385 2277 ⁴1
409 2248 572 2285 Lugclmnt
598 2250 713 2289 dulces]
752 2249 883 2280 Luctum
916 2250 1022 2281 flumi-

323 2296 421 2326 nibus
439 2298 598 2335 insignat,
629 2299 691 2328 toti
718 2300 848 2339 regioni
877 2311 1023 2332 commu-

323 2356 399 2376 ncm
417 2348 574 2377 attestari
600 2349 725 2388 rolens,
743 2354 779 2380 nt
795 2351 920 2390 saepius
937 2351 1023 2382 Poe-

324 2401 380 2426 ta³.
407 2397 504 2427 Idem.

368 2445 552 2480 Quaerebant
584 2448 702 2487 dulces]
747 2449 801 2479 Ita
833 2448 1021 2488 Raphelen-

323 2495 397 2534 gius
427 2506 502 2526 cum
530 2497 665 2536 scriptis
696 2499 840 2528 nostris:
877 2505 1020 2530 vetustae

322 2544 489 2575 editiones
501 2546 669 2584 lagabria&
690 2558 763 2587 qua*
783 2548 943 2588 repetitio
955 2559 1019 2579 non

323 2598 375 2624 est
399 2594 540 2633 ingrata.
566 2596 656 2625 Male
671 2606 744 2625 mox
763 2597 880 2637 scripti
896 2598 1020 2629 leonem.

321 2644 369 2674 D.
388 2643 504 2674 Heius.

364 2696 382 2723 7
401 2692 491 2724 Illius
506 2694 610 2734 eduri]
632 2695 688 2726 Sic
716 2696 862 2727 Claverii
889 2697 1021 2738 codex;

1087 802 1188 841 vulgo
1205 805 1234 832 ct
1251 803 1346 839 duri;
1378 803 1466 843 qnod
1490 813 1555 834 non
1583 805 1689 834 ausim
1715 813 1785 834 mu-

1086 858 1169 883 tare.
1195 854 1292 884 Idem.

1127 906 1146 932 8
1173 903 1364 943 Bistoniam]
1394 904 1582 934 Thraciam.
1620 904 1786 935 Bistonum

1082 954 1170 991 genii
1187 954 1372 992 imperasse
1397 954 1584 993 Orpheum,
1600 959 1718 984 auctor
1734 959 1787 985 est

1086 1003 1141 1043 qui
1170 1004 1232 1033 sub
1265 1004 1398 1034 nomine
1426 1004 1497 1043 ejus
1531 1004 1784 1044 Argonauticon

1085 1053 1203 1083 librum
1225 1054 1371 1093 scripsit.
1415 1054 1646 1093 Tyrannorum
1673 1059 1786 1085 autem

1085 1104 1245 1134 vecordia
1269 1105 1477 1143 interruptos
1503 1104 1634 1143 Orphei
1653 1110 1785 1144 cantus,

1086 1153 1236 1191 tanilcm,
1278 1153 1413 1183 vindice
1451 1153 1613 1182 malorum
1653 1162 1784 1185 morum

1086 1202 1234 1232 Hercule
1257 1203 1532 1242 superveniente,
1551 1203 1722 1235 restitutos
1737 1205 1787 1236 ait

1085 1251 1303 1291 Claudianus,
1359 1257 1514 1293 tempora
1557 1263 1617 1283 sua
1653 1258 1785 1287 notans.

1084 1301 1200 1331 Barth.

1126 1356 1145 1382 9
1170 1351 1322 1391 Inachiis]
1349 1352 1475 1383 Inacho
1500 1353 1644 1384 conditis
1662 1357 1696 1384 et
1712 1363 1785 1385 rec-

1084 1400 1138 1430 tis.
1185 1401 1310 1432 Missus
1335 1408 1448 1433 antem
1474 1403 1617 1435 Junonis
1642 1404 1785 1444 imperio

1084 1461 1102 1480 a
1117 1451 1209 1490 Rege
1227 1452 1430 1491 Eurystheo.
1457 1453 1554 1484 Idem.

1124 1501 1262 1530 Inachiis
1274 1502 1311 1531 ab
1327 1502 1440 1541 Argis]
1477 1503 1552 1532 Oris
1568 1513 1608 1533 ex
1624 1513 1684 1533 sno
1700 1503 1784 1535 libro

1085 1550 1239 1581 Delrius:
1276 1557 1312 1581 ut
1329 1552 1417 1591 apud
1444 1553 1600 1591 Statium,
1616 1554 1783 1585 Thebaid.

1082 1609 1160 1631 vnr.
1183 1602 1191 1617 ‘
1210 1602 1351 1632 Externi
1369 1601 1516 1632 Inachiis
1533 1603 1596 1631 hnc
1620 1602 1783 1634 adventa-

1082 1660 1153 1680 mus
1187 1650 1227 1681 ab
1257 1650 1352 1680 orisz’
1386 1651 1493 1680 nostri
1523 1651 1657 1691 quidam
1687 1652 1783 1682 arvis.

1084 1701 1224 1731 Frustra
1239 1700 1333 1740 Virg.
1351 1710 1416 1731 νιι.
1440 1702 1448 1717 ‘
1467 1702 1556 1731 Ecce
1576 1707 1688 1732 autem
1706 1702 1783 1733 Ina·

1082 1750 1164 1780 chiis
1190 1760 1263 1780 sese
1280 1750 1451 1782 referebat
1479 1751 1518 1781 ab
1546 1751 1672 1791 Argis.'
1708 1752 1783 1783 Sta-

1082 1800 1162 1837 tius,
1185 1800 1287 1831 Theb.
1305 1810 1327 1831 1.
1363 1803 1371 1816 ‘
1389 1801 1542 1832 Pallidus
1564 1801 1710 1832 Inachiis
1725 1802 1782 1843 qui

1082 1849 1229 1889 desuper
1246 1850 1399 1880 imminet
1425 1850 1547 1890 Argis·.'
1586 1852 1660 1883 val.
1686 1852 1783 1883 Flac·

1081 1908 1150 1937 cus,
1175 1900 1230 1929 lib.
1256 1909 1279 1930 1.
1317 1900 1489 1931 ‘Advolat
1515 1901 1662 1931 Inachiis
1691 1902 1781 1933 ultro

1080 1949 1274 1989 Tirynthius
1288 1950 1389 1989 Argis
1405 1950 1423 1980 :’
1447 1957 1481 1981 et
1496 1951 1551 1981 lib.
1570 1960 1623 1982 ιιι.
1647 1951 1782 1992 ‘Atque

1080 1999 1203 2029 iterum
1222 2000 1364 2031 Inachiis
1382 2002 1453 2041 jam
1471 2002 1609 2033 nuncius
1626 2008 1723 2040 urget
1740 2002 1781 2033 ab

1080 2050 1205 2090 Argis!
1249 2053 1304 2083 Sic
1329 2058 1361 2083 ct
1379 2054 1435 2083 alii
1453 2054 1582 2085 Poetae.
1607 2055 1651 2085 D.
1668 2054 1781 2086 Heins.

1125 2104 1163 2131 10
1191 2102 1349 2142 pacifero]
1385 2103 1543 2134 Herculis
1560 2105 1648 2134 enim
1672 2105 1780 2136 omnis

1080 2151 1172 2181 labor
1200 2162 1323 2192 pacare
1353 2154 1481 2192 orbem,
1511 2154 1690 2185 subvenire
1719 2164 1780 2194 per

1079 2200 1143 2230 vim
1182 2203 1362 2241 oppressis,
1398 2208 1588 2233 monstrosa
1626 2203 1781 2235 facinora

1079 2250 1207 2281 ulcisci.
1235 2251 1349 2282 Barth.

1123 2303 1157 2330 11
1193 2300 1311 2339 Vertit]
1347 2301 1413 2331 Alii
1439 2301 1513 2331 libri
1538 2303 1631 2333 venit.
1678 2304 1778 2336 Quod

1078 2350 1156 2379 mihi
1186 2349 1321 2389 quidem
1353 2351 1459 2389 magis
1500 2352 1624 2390 placet.
1670 2353 1779 2384 Simili

1077 2399 1177 2429 modo
1194 2399 1305 2428 dictus
1334 2399 1499 2429 Hercules
1518 2400 1636 2440 Angla}
1665 2403 1779 2433 stabu-

1076 2450 1143 2479 lum
1159 2459 1376 2489 expurgasse.

1121 2502 1160 2529 12
1186 2499 1336 2529 Gramine
1366 2499 1455 2539 parit
1482 2500 1587 2540 equos]
1633 2502 1672 2532 In
1705 2503 1778 2533 aliis

1076 2548 1250 2578 codicibus
1277 2551 1445 2588 sanguine:
1477 2550 1566 2590 quod
1589 2552 1778 2584 oscitanter

1076 2599 1172 2628 nimis
1197 2599 1321 2630 eruditi
1353 2599 1507 2639 probant.
1556 2601 1657 2631 Hunc
1686 2611 1777 2634 erro-

1076 2658 1145 2679 rem
1162 2649 1262 2679 etiam
1280 2650 1539 2690 castigatissima
1554 2651 1778 2693 Rapbelengii

1075 2699 1180 2731 editio
1196 2701 1334 2732 erravit.
1379 2701 1503 2732 Veram
1531 2702 1711 2734 lectionem
1729 2702 1773 2734 vi-
