1763 3116
356 162 417 192 DF.
452 160 612 190 RAPTU
647 158 967 189 PROSERPINAE
1002 158 1098 188 LlB.
1134 159 1164 188 1.

38 255 211 294 sistentes,
227 265 292 296 qno
305 255 435 295 Raptus
449 254 659 294 Proserpinae
677 263 733 284 ex-

41 306 251 347 primebatur
288 306 500 343 emblemate,
538 304 654 335 addita
688 304 734 333 111-

40 357 232 397 scriptione.
280 363 369 386 ΜυΝ.
403 363 550 386 HENNAE.
600 354 735 384 Munici-

38 408 125 447 pium
142 407 272 437 Heunae.
307 406 491 436 Columella
509 404 563 435 lib.
580 413 614 436 x.
629 406 637 421 ‘
651 405 734 435 Cum

41 457 174 488 Cereris
193 456 300 496 proles
318 455 438 485 vestris
456 455 589 485 intenta
605 455 735 485 choreis

41 507 196 547 JEqnoris
209 505 352 536 Henn‘aei
369 504 625 535 vernantialilia
640 514 736 545 carp-

42 556 109 587 sit:
155 555 209 585 Ita
238 555 436 585 veterrimus
463 555 572 585 codex
601 556 633 585 S.
651 554 738 585 Ger-

40 607 138 645 mani,
162 616 225 636 non
243 607 371 637 AEtnoei.
405 607 535 637 Statius
561 606 738 647 Sylvarum

38 657 153 698 quinto
174 657 336 697 Epicedio
355 657 486 688 Patris:
510 658 518 673 ‘
534 656 581 688 At
598 667 656 687 vos
671 667 739 687 nm-

40 706 174 738 brarum
190 717 288 746 reges
305 708 528 748 Hennaeaque
545 709 632 740 Jnno
646 708 666 738 :'
691 708 738 738 sic

37 757 274 787 scribendum:
315 758 404 788 idem
443 757 653 789 Achilleidos
691 769 739 789 se-

41 807 172 838 cundo:
196 807 330 847 ‘qualis
360 808 483 838 Siculae
514 808 574 838 sub
602 808 740 847 rupibus

42 858 151 888 AEtnae
178 857 302 887 Naidas
321 858 491 887 Hennaeas
518 858 607 888 inter
629 858 741 888 Diana

42 906 206 946 feroxque
244 907 358 936 Pallas
396 913 432 936 et
467 908 569 947 Elysii
605 908 741 939 lucebat

38 966 163 997 sponsa
176 957 307 995 tyranni
322 956 342 986 :⁹
367 958 535 996 quomodo
550 959 740 988 necessaria

41 1007 253 1040 correctione
271 1008 500 1045 emendamus,
526 1018 567 1038 ne
585 1009 691 1038 AEtnoe
708 1014 741 1038 et

42 1059 181 1090 AEtnoeas
196 1056 367 1097 superflua
390 1062 425 1087 et
449 1057 624 1088 incondita
646 1068 741 1098 repe-

42 1107 161 1139 titione
199 1117 296 1137 aurcs
347 1107 510 1138 delicatas
556 1107 740 1139 offendant.

43 1157 172 1189 Auctor
199 1157 372 1193 Pervigilii
399 1157 563 1188 Veneris:
599 1159 608 1174 ‘
629 1158 743 1198 Hybla

41 1207 159 1239 florum
178 1217 294 1248 rumpe
313 1213 434 1245 vestes,
447 1214 592 1248 quantus
611 1209 742 1239 Hennae

42 1268 183 1298 campus
213 1257 286 1288 est.’
333 1258 372 1288 111
401 1259 582 1288 veterrimo
609 1268 742 1299 qnoque

45 1309 188 1340 Minucii
222 1309 341 1338 Felicis
372 1308 490 1339 codice
524 1309 644 1347 Regio,
685 1308 742 1348 qui

44 1360 189 1391 Lutetiae
218 1364 341 1397 exstat,
374 1359 522 1390 Hermai.-
552 1359 686 1397 ignibus,
710 1363 745 1389 et

43 1410 130 1449 ignes
150 1410 272 1440 Heuuoe
289 1409 459 1447 scribitur,
487 1419 545 1448 pro
562 1409 696 1439 AEtnceis
711 1414 744 1439 et

44 1461 160 1492 sElnae.
209 1458 308 1499 Apud
321 1460 449 1491 Julinm
463 1460 643 1489 Firmicnm
662 1460 744 1490 libro

43 1515 164 1542 contra
185 1517 304 1550 gentes
321 1509 404 1539 bene
425 1509 546 1548 passim
564 1519 638 1539 cnm
658 1509 746 1548 aspi-

43 1559 175 1591 ratione
188 1568 251 1589 vox
265 1569 305 1589 ea
320 1558 471 1588 occurrit
485 1558 517 1588 111
533 1558 676 1597 vulgatis
689 1568 746 1588 ex-

46 1612 266 1652 emplaribus,
296 1610 398 1640 etiam
427 1609 517 1649 apud
546 1609 747 1648 Arnobium,

46 1665 133 1696 libro
151 1674 182 1695 v.
199 1665 248 1694 bis
266 1669 360 1694 terve
385 1663 416 1692 in
439 1663 624 1702 exemplari
643 1662 747 1701 Regio

42 1715 111 1756 jam
128 1715 275 1745 landam.
322 1712 416 1743 Infra
441 1723 573 1753 qnoque
599 1722 673 1743 eam
692 1721 748 1742 vo-

48 1774 121 1796 cem
137 1765 169 1794 in
185 1765 246 1794 11111-
262 1763 424 1793 Poemate
438 1763 540 1793 semel
556 1763 748 1803 iterumque

49 1816 276 1847 restituemus.
308 1814 349 1843 D.
371 1813 478 1844 Heius.

92 1868 224 1898 AElnoeoe
254 1865 377 1904 (r'er‹›1·i]
416 1864 483 1895 Alii
513 1865 578 1905 leg.
613 1865 749 1895 Eunoeae.

51 1917 115 1950 Sed
140 1917 304 1947 AEtnaoam
331 1921 441 1946 tamen
469 1916 570 1946 etiam
588 1916 750 1947 Cererem

49 1968 131 2009 quid
149 1967 286 1997 rationis
301 1971 394 1996 vetat
406 1966 599 2003 admittere,
613 1975 752 1996 consen-

54 2018 214 2050 tientibus
228 2022 277 2047 tot
290 2017 394 2053 libris,
405 2027 480 2047 cum
495 2022 567 2047 tota
580 2017 752 2057 praecipne

53 2068 169 2099 Sicilia
196 2070 224 2096 ei
255 2067 341 2096 itlolo
369 2066 472 2096 fuerit
499 2067 753 2098 addictissima?

53 2119 153 2150 Unde
185 2118 290 2157 ipsam
330 2118 569 2157 Proserpinam
607 2117 753 2148 Siculam

55 2174 155 2201 vocat
181 2169 373 2205 ,iuvenali-⁴,
399 2170 469 2199 Sat.
497 2177 580 2198 xm.
616 2169 624 2184 ‘
641 2168 755 2198 Sicula

55 2223 172 2251 torvus
204 2229 278 2249 cnm
311 2220 455 2258 conjuge
480 2218 607 2249 Pluto!
665 2218 755 2251 Quid

56 2271 141 2312 qnod
161 2275 276 2310 raptus
295 2270 364 2308 ipse
385 2269 596 2308 Proserpinae
614 2269 758 2308 contigit

57 2321 143 2361 apud
164 2322 305 2359 Almam,
323 2326 407 2350 teste
425 2320 576 2360 Hygino,
591 2329 667 2359 cap.
686 2321 756 2349 146.

58 2371 171 2401 Barth.

105 2420 398 2459 Hemmta·('ereri]
435 2419 500 2450 Alii
529 2420 596 2460 leg.
623 2421 758 2450 AEtnaeoe

62 2471 181 2501 Cereri.
231 2470 357 2501 [litu-axa
393 2471 435 2501 ab
474 2472 585 2509 lEtna,
613 2472 758 2505 vulgaris

60 2520 178 2553 lectio,
194 2519 383 2549 saw-minus
398 2521 491 2558 Silio,
515 2521 573 2551 lib.
590 2531 654 2551 vn.
670 2522 758 2552 Stat.

63 2580 112 2601 lv.
127 2571 230 2600 Theb.
252 2573 308 2599 125
368 2570 413 2600 At
445 2572 580 2601 Enneum
598 2581 760 2611 recepere

65 2620 158 2651 docti
176 2630 216 2649 cx
236 2629 282 2650 vi.
300 2620 396 2650 Verr.
424 2621 551 2650 Arnob.
580 2621 637 2651 lib.
657 2629 690 2652 v.
718 2622 760 2652 ab

64 2670 160 2701 Enna
170 2670 295 2700 Siciliae
309 2670 550 2709 oppido,juxta
563 2671 649 2710 quod
663 2676 762 2711 rapta

67 2719 134 2752 fuit
149 2720 369 2760 Proserpina.
413 2720 528 2762 Silius,
547 2721 603 2752 lib.
623 2730 648 2752 1.
673 2722 681 2738 ‘
697 2723 762 2753 En-

1372 151 1483 194 1635

785 263 867 283 nse-<e
883 253 1018 282 numina
1031 252 1126 282 Divae
1141 251 1160 282 :’
1174 255 1209 282 et
1222 251 1282 283 lib.
1296 261 1378 284 xm.
1396 256 1405 270 ‘
1421 265 1485 286 cm-

785 303 878 333 ditur
894 304 1029 333 Ennaeae
1056 307 1151 333 casta
1168 303 1304 334 cervice
1316 304 1487 343 juvenca.’

785 353 905 383 Sencc.
940 353 1042 384 Herc.
1072 354 1151 384 Fur.
1180 363 1272 384 scen.
1300 363 1339 384 11.
1373 359 1438 385 act.
1456 359 1486 386 3.

788 404 931 443 Dempst.

832 457 890 484 123
905 454 1038 494 Lucina]
1050 454 1179 485 Diana:
1196 455 1243 485 vis
1259 455 1411 495 pariendi
1425 456 1486 487 lioc

787 505 877 535 idolo
896 505 1110 545 intelligitur.
1137 506 1254 536 Barth.

834 558 893 585 124
924 555 1063 594 Viscera]
1091 556 1260 586 Materna.
1286 556 1383 587 Idem.

834 610 893 637 125
918 608 1133 638 Altior-exstat
1150 607 1322 647 Matribus]
1344 609 1492 648 Superat

790 667 846 687 eas
864 659 1093 688 veneratione.
1119 658 1213 688 Idem.

836 710 896 737 120
935 708 1139 748 Proserpina]
1176 709 1278 747 Talis,
1320 713 1495 749 tantaque,

793 759 900 798 qualis
917 759 979 789 hoc
998 769 1117 789 nomen
1134 760 1249 790 habet.
1295 760 1350 791 De
1369 761 1493 801 Etymo

793 808 1020 848 Proserpinae,
1061 809 1151 849 qnod
1188 809 1301 850 fruges
1334 810 1494 841 videlicet

794 863 885 888 terra
914 864 1131 899 proserpant,
1160 860 1237 891 vide
1266 861 1494 901 Fulgentium.

793 910 888 940 Idem.

838 962 898 990 127
928 960 1078 996 Vitulam,
1095 961 1162 1000 ἐγὼ]
1188 960 1273 991 Haec
1292 962 1427 993 videtur
1444 973 1496 993 sa·-

795 1010 835 1039 tis
861 1010 996 1039 humilis
1027 1011 1252 1049 comparatio,
1283 1011 1340 1040 sed
1369 1012 1495 1052 oppido

794 1069 891 1100 quam
912 1064 1050 1089 venusta
1065 1070 1073 1097 ;
1097 1069 1206 1100 neque
1221 1060 1293 1090 sine
1307 1060 1421 1091 Ovidii
1438 1071 1497 1091 cx-

794 1110 919 1150 emplo.
945 1110 1067 1140 Claver.

838 1164 899 1192 128
927 1161 1024 1192 Torva
1036 1160 1161 1201 parens]
1186 1161 1295 1192 Cavet
1307 1171 1428 1192 vaccam
1442 1166 1501 1193 ant

794 1212 897 1242 bovem
915 1211 1079 1248 faeminam
1103 1211 1287 1251 nominare,
1314 1222 1355 1242 ne
1382 1213 1498 1243 humili

795 1262 907 1302 aliqua
933 1271 1016 1291 voce
1045 1262 1204 1292 carminis
1233 1261 1393 1294 virtutem
1420 1273 1499 1294 con-

797 1312 952 1342 taminet.
978 1311 1090 1342 Barth.

840 1365 903 1392 129
927 1361 1059 1391 Lzmatoe
1071 1362 1209 1392 curt-avit
1219 1362 1361 1401 germina
1366 1362 1501 1402 frontis]

800 1412 958 1443 Nondum
985 1412 1119 1451 integra
1145 1422 1272 1442 cornua
1296 1410 1408 1444 fronte
1425 1423 1502 1453 pro-

797 1462 904 1492 duxit.
929 1462 1027 1491 Idem.

840 1514 901 1542 130
927 1512 1032 1541 Ptenis
1048 1511 1152 1551 aunis]
1190 1513 1375 1553 Virgilius:
1400 1514 1408 1530 ‘
1425 1514 1503 1545 Jam

798 1565 931 1591 matura
945 1560 1028 1597 viro,
1040 1561 1111 1599 jam
1127 1562 1236 1600 plenis
1251 1563 1373 1593 nubilis
1387 1563 1505 1594 annis!

798 1611 892 1642 Alibi
909 1616 1025 1641 noster
1040 1615 1207 1642 tranantem
1221 1612 1437 1651 virginitatem
1455 1614 1505 1644 ‹li-

799 1662 859 1701 cit,
872 1673 889 1692 a
902 1662 1065 1692 fructibus
1079 1663 1237 1693 arborum
1252 1663 1404 1695 maturis.
1428 1664 1503 1695 Pte-

800 1723 871 1743 mim
890 1712 1035 1751 alioquin
1055 1711 1145 1752 quod
1168 1712 1258 1752 justi
1276 1717 1328 1743 est
1345 1713 1505 1753 ponderis

802 1768 859 1794 aut
877 1763 1011 1802 vigoris.
1038 1763 1133 1792 Idem.

843 1814 920 1843 Jam
934 1812 1033 1842 vicina
1046 1816 1112 1842 toro
1127 1813 1225 1852 plenis
1233 1814 1406 1844 adoleverat
1417 1815 1507 1845 aunis

807 1863 1000 1903 Virginitas]
1021 1863 1077 1893 Sic
1095 1863 1215 1901 virgil.
1232 1873 1296 1893 vn.
1313 1864 1445 1896 AEneid.
1463 1865 1505 1896 de

804 1914 942 1945 Lavinia
958 1924 965 1943 ε
991 1915 999 1929 ‘
1015 1913 1091 1944 Jam
1110 1919 1243 1944 matura
1260 1915 1420 1954 viro‚jam
1437 1915 1508 1955 ple-

804 1964 854 1995 nis
872 1964 994 1994 nubilis
1010 1963 1128 1994 annis)
1174 1964 1311 1994 Pnellas
1329 1965 1429 1994 hasce
1447 1975 1507 1995 nu-

805 2015 890 2045 biles
909 2024 948 2045 ac
977 2014 1202 2053 viripotentes
1227 2014 1340 2045 Graeci
1370 2014 1511 2054 βαθυζώ-

804 2077 873 2096 νους
887 2065 1074 2105 appellant.
1099 2064 1200 2094 Pind.
1218 2064 1357 2105 Olymp.
1371 2066 1438 2098 Od.
1451 2075 1509 2097 111.

806 2115 862 2146 σὺν
876 2113 1054 2154 βαθυζώνου
1070 2112 1201 2152 διδύμοις
1216 2114 1303 2144 παισὶ
1316 2114 1426 2152 Λήδας.
1445 2117 1513 2147 Cu·

800 2166 859 2206 jus
873 2166 963 2197 vocis
981 2166 1038 2195 illa
1055 2165 1140 2195 ratio
1159 2171 1222 2204 est,
1240 2166 1329 2205 qnod
1346 2171 1424 2197 ante
1443 2166 1512 2206 pri-

808 2227 897 2247 mum
915 2216 1133 2246 concubitum
1159 2225 1250 2246 zonae
1270 2216 1441 2255 virginalis
1459 2226 1514 2247 so-

808 2268 892 2298 lutio
908 2266 1018 2297 fieret.
1045 2266 1185 2304 Magius.

853 2321 912 2349 131
943 2317 1085 2347 Pronuba
1101 2315 1247 2357 flamma]
1286 2317 1435 2356 Nuptias
1464 2317 1515 2347 in-

808 2369 939 2405 t'erens3
957 2369 1029 2408 jam
1057 2367 1165 2407 inquit
1192 2367 1299 2398 virum
1320 2367 1514 2398 desiderare

810 2423 972 2460 eruperat.
999 2418 1111 2448 Barth.

856 2472 915 2499 132
943 2468 1050 2498 Mixto
1077 2468 1181 2498 tremit
1200 2467 1372 2505 formidine
1396 2466 1515 2506 votum]

811 2520 935 2550 Votum
954 2519 1142 2559 virginemn
1163 2523 1240 2548 sunt
1266 2519 1405 2557 nupti-lc,
1432 2526 1514 2558 quas

811 2569 997 2601 formidant
1031 2569 1152 2599 timore
1187 2568 1366 2598 amittendi
1400 2566 1515 2602 floris;

813 2631 887 2662 qnae
919 2620 1004 2650 mira
1035 2618 1207 2650 brevitate
1236 2618 1359 2649 extulit
1383 2618 1516 2657 juncta.

814 2672 910 2702 Idem.

860 2720 977 2751 Tremit
994 2719 1111 2758 cotum]
1136 2720 1204 2751 Pro
1219 2718 1358 2760 nuptiis.
1374 2717 1515 2748 Metam.
