1859 3148
330 223 441 266 1598

330 328 422 368 prior
439 327 566 360 Morcti
593 333 627 359 et
653 329 796 369 quinque
824 328 894 359 alii.
940 328 1023 359 Mox

330 383 408 409 octo
424 379 541 418 scripti
558 389 672 408 οηιηυηι
695 382 765 408 ante
780 378 871 408 diem.
917 378 1024 408 Paulo

331 434 410 459 ante
439 429 591 460 fortassis
616 428 854 468 reponendum,
879 429 1026 468 solitoque

328 479 536 515 serenior-«4³1³,
551 488 609 517 pro
625 478 786 507 decentior.
810 478 856 507 1).
874 478 990 508 Heius.

372 530 434 558 539
461 527 603 565 neem-sn]
637 527 832 566 Eleganter,
847 528 940 558 velut
957 537 1024 558 ma-

329 586 385 608 nu.
412 577 524 607 lxm-tle.

371 630 431 657 5·ss
479 627 651 665 Lunamque
687 625 808 665 rudem]

331 678 430 707 Idem.

369 730 429 758 543
455 728 523 762 Qua
545 738 620 767 pons
645 739 664 758 a
682 729 756 759 colle
769 729 896 768 recedit]
932 730 1022 760 Libri

327 777 478 807 meliores
505 779 583 817 quod
605 788 703 817 pom,¹
738 788 842 809 vere:
879 779 1023 809 diximus

328 828 425 859 Cons.
440 829 548 859 Mallii
560 832 612 859 57.
639 831 781 860 Lucens.
795 831 897 861 etiam
910 836 944 861 et
959 831 1024 860 Bo-

326 887 403 908 non.
422 879 568 917 Illulrius,
595 889 659 909 non
682 880 832 910 Milvius.-
855 885 962 918 recte,
987 886 1023 910 ut

327 935 361 960 et
385 931 480 970 prim.
498 931 606 962 Vatic.
634 932 688 972 qui
710 931 810 962 etiam
827 932 859 961 in
875 934 1023 970 quantum

326 990 387 1020 pro
411 985 440 1011 et
467 985 630 1020 quantum:
656 991 720 1022 quo
746 981 905 1021 loquendi
924 981 1022 1011 modo

326 1036 359 1062 ct
375 1031 453 1061 alibi
472 1036 584 1061 noster
601 1042 687 1062 usus.
720 1032 761 1062 D.
780 1031 895 1062 Heins-

367 1083 428 1110 545
457 1080 595 1119 Undure]
621 1081 791 1111 Fluctibus
813 1082 919 1112 velut.
957 1082 1021 1111 Po-

326 1130 397 1169 puli
423 1131 520 1169 copia
549 1131 634 1162 talis.
679 1132 859 1170 Virgilius:
892 1133 900 1147 ‘
922 1132 1024 1161 Mane.

325 1180 529 1209 salutantum
562 1180 641 1210 totis
672 1181 775 1211 vomit
807 1181 936 1211 a‘dibus
964 1190 1022 1211 un-

326 1229 425 1260 dam.'
449 1230 563 1260 Barth.

369 1282 431 1309 5⁴16
449 1280 604 1310 fnanibus
617 1281 709 1320 mles]
735 1281 788 1311 De
807 1282 1021 1312 summoloco

326 1330 572 1369 spectantibus.
598 1331 694 1360 Idem.

368 1382 431 1408 518
451 1379 599 1417 Prospera
609 1378 695 1416 fota]
713 1379 786 1409 Fati
803 1379 832 1409 in
849 1380 1019 1420 plerisque

324 1427 482 1466 scriptis,
509 1427 612 1455 bene:
639 1428 725 1466 quod
753 1433 787 1458 et
813 1428 884 1458 aliis
904 1429 1021 1468 depre-

325 1475 470 1505 hensum.
488 1475 574 1505 Vide
591 1480 686 1505 notas
705 1476 783 1506 bell.
797 1477 934 1508 Gildon.
947 1481 1018 1509 103.

325 1525 497 1560 vulgatum
516 1529 625 1555 tamen
644 1525 801 1556 Barthius
819 1531 944 1558 tuetur.
973 1528 1018 1559 D.

325 1574 437 1605 Heius.

365 1627 427 1654 550
453 1624 541 1659 Quod
563 1628 695 1665 tempore
719 1626 813 1666 solus]
852 1628 920 1662 Quo
947 1631 1020 1658 tem-

320 1683 393 1712 pore
408 1674 485 1703 solos
502 1673 752 1714 Raphelengius
780 1686 821 1706 ex
846 1677 1019 1717 conjectu-

322 1733 379 1754 ra:
404 1723 461 1753 sed
490 1727 623 1764 temporo
643 1726 713 1765 jam
740 1727 803 1757 hoc
832 1728 904 1766 ipso
920 1738 1019 1759 versu

322 1779 576 1812 praecesserant.
615 1775 705 1805 Libri
723 1776 851 1816 antiqui
867 1777 938 1808 fere
955 1788 1020 1808 om-

323 1832 382 1852 nes
406 1823 482 1861 quud
496 1827 614 1862 pectore
628 1826 722 1856 solus:
751 1826 873 1866 piacet,
890 1828 916 1857 si
935 1828 1018 1858 bene

322 1871 568 1912 distinguatur;
594 1874 678 1905 vidit
701 1883 834 1916 qnoque
860 1878 1018 1908 Bai-thius

321 1921 411 1951 curis
447 1923 604 1952 secundis
641 1934 754 1954 veram
790 1926 1015 1966 scripturam:

321 1981 378 2010 quo
392 1975 510 2010 pectore
529 1973 731 2004 Oiselianus.
758 1975 854 2006 Idem.

880 627 1024 659 Novam.

363 2024 423 2051 551
450 2022 601 2052 Romanos
616 2024 729 2064 retuit]
764 2024 861 2055 Adeo
880 2026 1017 2065 pulchre

322 2069 481 2101 educatus
504 2070 567 2101 fuit
591 2082 609 2101 a
629 2073 814 2104 Stilichone
834 2075 1016 2113 Honorius,

323 2125 359 2148 ut
385 2121 522 2151 Senatui
547 2122 728 2161 plurimum
750 2123 911 2164 deferret,
927 2127 1016 2165 quod

323 2174 375 2197 est
406 2169 566 2209 imprimis
597 2172 786 2209 landabile;
825 2174 906 2204 alias
937 2177 1015 2206 nihil

323 2219 450 2257 regium
483 2226 539 2250 aut
575 2223 748 2261 egnegium
783 2223 825 2253 de
859 2225 1015 2266 Principe

324 2271 522 2308 speraveris.
568 2271 674 2301 Moris
701 2278 775 2303 emt
802 2274 949 2313 quidem,
980 2283 1015 2307 ut

321 2319 501 2349 Senatores
512 2325 544 2349 ct
561 2322 695 2357 sangnis
713 2323 890 2363 patricius,
906 2324 1016 2365 Impe-

323 2368 424 2398 ratori
450 2370 670 2408 triumphanti
698 2371 828 2402 obviam
857 2375 1017 2413 procede-

323 2423 418 2448 rent:
444 2420 501 2449 scd
526 2420 609 2449 hun(-
626 2421 783 2451 honorem
811 2423 961 2454 modeste
978 2433 1016 2455 ac

322 2477 483 2507 generose
500 2470 676 2501 recusavit.
703 2472 824 2501 ctat-er.

370 2518 472 2548 Vetuit
487 2529 608 2549 currum
623 2522 793 2558 proeccdere
805 2522 930 2561 Patres]
950 2524 1017 2553 No-

323 2572 372 2598 tcs
389 2577 498 2598 mores
513 2569 659 2608 priorum
679 2570 886 2610 Principum.
905 2573 1016 2603 Barth.

363 2620 426 2647 552
452 2619 529 2647 sum
545 2622 644 2648 tomen
665 2619 846 2659 Eucherius]
872 2621 1016 2652 Unicum

322 2664 440 2705 pignus
458 2667 553 2697 virile
581 2677 673 2698 sunm
698 2673 735 2699 ut
761 2669 929 2708 hahuerit,
944 2672 1016 2710 pari

322 2714 475 2745 nimirum
493 2725 566 2746 curn
582 2717 654 2756 ipso
670 2724 744 2748 vate
769 2725 895 2759 nostro,
912 2721 1017 2761 digni-

323 2768 403 2805 tate,
429 2764 582 2806 Stilicho,
610 2771 770 2800 notarunt
791 2769 862 2809 jam
887 2770 942 2801 alii
972 2781 1014 2802 ex

524 236 664 266 No'rAE
697 235 960 265 VARIORUM
994 236 1045 266 IN
1079 236 1152 266 ct..
1182 237 1364 268 CLAUD.
1397 238 1583 269 XXVIII.

1077 329 1222 361 Zosimo.
1250 331 1347 361 Idem.

1118 383 1178 410 554
1226 381 1342 410 Militis
1377 379 1524 421 qfficium]
1585 380 1770 421 Obsequium

1077 431 1171 469 prim.
1189 431 1298 460 Varie.
1317 432 1477 461 Mazarin.
1497 436 1529 460 et
1548 440 1630 461 unus
1646 431 1773 464 Medic.

1076 489 1150 509 cum
1182 481 1376 511 Oiseliano:
1413 482 1541 511 dictum
1569 490 1682 520 supra.
1729 481 1775 513 D.

1077 530 1188 561 Heius.

1102 583 1180 610 '556
1205 581 1323 621 Quique
1353 585 1442 619 neget
1469 581 1556 621 nato]
1593 583 1771 622 Quotquot

1076 629 1172 660 fuere
1198 631 1253 660 illa
1281 637 1486 671 tempestate
1515 633 1575 662 viri
1603 633 1634 662 in
1660 641 1772 662 rerum

1076 679 1219 717 fastigiis
1246 682 1435 720 constituti,
1459 692 1516 712 eos
1546 684 1643 721 longe
1671 682 1773 713 animi

1675 731 1774 763 Licet

1075 777 1163 806 enim
1181 779 1296 808 ultimo
1313 779 1494 809 Theodosii
1508 780 1631 818 elogio,
1651 780 1774 812 utrius-

1074 836 1139 866 que
1165 827 1304 867 Imperii
1322 838 1448 858 summa
1464 829 1494 859 ei
1511 830 1687 860 commissa
1702 829 1774 862 fue-

1075 876 1129 915 rit,
1155 882 1189 908 ct
1218 887 1321 908 annos
1347 886 1452 909 xxm.
1468 880 1613 909 militare
1638 880 1773 911 culmen

1072 927 1269 967 obtinuerit,
1302 939 1470 970 nunquam
1504 934 1615 960 tamen
1658 940 1773 963 nume-

1075 982 1146 1007 rata
1164 978 1307 1017 pecunia
1323 978 1425 1009 duces
1439 980 1579 1017 creavit,
1597 984 1655 1010 aut
1671 990 1773 1011 anno-

1073 1037 1147 1057 nam
1166 1028 1198 1057 in
1216 1038 1308 1058 suum
1326 1029 1536 1059 commodum
1553 1036 1687 1061 vertere
1704 1040 1773 1061 sus-

1074 1078 1195 1109 tinuit:
1221 1089 1364 1119 cnmque
1377 1080 1472 1109 unius
1488 1079 1546 1109 tilii
1562 1086 1660 1118 pater
1672 1085 1772 1121 esset,

1073 1129 1158 1159 hanc
1175 1129 1204 1159 ei
1223 1134 1346 1159 metam
1373 1130 1499 1169 posuit,
1517 1135 1552 1159 ut
1569 1130 1771 1170 dignitatem

1073 1177 1216 1207 Tribuni
1242 1188 1279 1208 ae
1311 1178 1443 1208 Nomi-ii
1467 1188 1533 1208 non
1555 1179 1772 1212 transceude-

1073 1232 1135 1258 ret.
1161 1229 1282 1259 Cim-er.

1114 1281 1175 1308 557
1200 1279 1270 1309 Hoc
1281 1279 1422 1309 sihicura
1435 1279 1554 1319 senum]
1579 1280 1681 1312 Multi
1694 1281 1771 1322 hoec,

1071 1332 1106 1356 et
1132 1337 1208 1357 mox
1229 1332 1294 1358 tum
1305 1329 1400 1369 flore.
1442 1329 1505 1359 Hic
1528 1339 1596 1361 sec.
1615 1331 1768 1364 Vatican.

1072 1377 1115 1406 D.
1137 1378 1245 1407 Heius.

1113 1426 1184 1457 Sibi
1200 1438 1274 1458 cura
1288 1430 1406 1470 senum]
1438 1431 1505 1461 Suo
1529 1431 1663 1463 scilicet
1679 1442 1768 1464 com-

1070 1476 1181 1507 modo.
1200 1479 1290 1509 Cura
1303 1479 1439 1510 senibus
1452 1481 1669 1522 adscribitur,
1679 1483 1767 1524 quod

1070 1526 1182 1556 onmia
1199 1529 1405 1568 expendant,
1422 1536 1584 1562 metuant.

1113 1576 1243 1607 Matura
1258 1578 1349 1616 atas]
1374 1579 1540 1617 Robus1a‚
1556 1581 1666 1612 media
1680 1582 1769 1614 inter

1068 1625 1292 1658 Juventutem
1310 1633 1344 1658 et
1363 1630 1554 1660 Senectam.
1582 1632 1695 1662 Barth.

1112 1678 1174 1705 558
1196 1677 1304 1716 Auloe]
1328 1677 1476 1717 Imperii.
1500 1680 1596 1710 Idem.

1112 1729 1174 1756 560
1198 1727 1304 1766 Flore]
1335 1728 1509 1767 Lanuginc
1527 1729 1645 1768 prima.
1670 1729 1768 1764 Idem.

1111 1779 1172 1806 561
1209 1776 1388 1816 Gemmato]
1434 1777 1495 1808 Uti
1524 1783 1623 1810 erant
1653 1786 1766 1812 vestes

1070 1825 1314 1865 Imperatoria‘.
1340 1828 1437 1860 Idem.

1112 1878 1174 1905 562
1201 1877 1369 1907 Certatum
1384 1877 1494 1918 Lyceo]
1530 1878 1627 1909 Inter
1643 1879 1765 1912 formo-

1069 1924 1213 1955 sissimos
1230 1927 1396 1958 Bacchus.
1427 1929 1522 1960 Idem.

1111 1979 1172 2007 563
1193 1977 1277 2007 Inter
1294 1978 1490 2019 Erythroeos]
1517 1979 1700 2020 Erythroeas
1709 1991 1765 2013 no·

1069 2036 1143 2056 vem
1160 2027 1237 2056 libri
1253 2036 1328 2057 cum
1345 2034 1488 2068 quatuor
1504 2030 1651 2061 melioris
1674 2036 1764 2063 notae

1068 2076 1262 2107 Vaticanis:
1288 2083 1393 2109 recte.
1437 2079 1493 2109 Sic
1521 2081 1609 2119 apud
1633 2081 1763 2113 Lucan.

1069 2127 1089 2156 l.
1101 2136 1135 2157 x.
1155 2132 1249 2158 vetus
1262 2129 1390 2160 codex:
1416 2131 1424 2146 ‘
1442 2129 1571 2161 foribus
1585 2131 1764 2163 testudinis

1068 2176 1161 2206 lndae
1178 2177 1286 2216 Terga
1312 2178 1443 2218 sedent,
1470 2180 1590 2210 crebra
1616 2181 1764 2211 maculas

1067 2225 1228 2256 distincta
1254 2228 1450 2267 smaragdo!
1496 2229 1597 2261 Ovid.
1623 2231 1708 2261 Met.
1723 2239 1764 2261 11.

1067 2275 1077 2291 ⁴
1093 2275 1241 2306 Sedebat
1270 2277 1309 2307 In
1331 2277 1417 2307 solio
1445 2278 1591 2308 Phoebus
1608 2279 1699 2309 clara
1716 2280 1765 2310 lu-

1067 2330 1167 2354 cente
1185 2325 1380 2363 smaragdo!
1425 2326 1496 2356 Lib.
1515 2336 1569 2357 ιιι.
1588 2327 1662 2358 Ait.
1687 2327 1764 2360 Am.

1066 2374 1075 2389 ‘
1095 2374 1160 2403 Hic
1179 2374 1324 2412 Paphius
1346 2380 1486 2414 myrtos,
1508 2376 1561 2406 hic
1579 2386 1765 2417 purpureas

1068 2423 1309 2462 amethystos!
1334 2429 1372 2454 ut
1393 2425 1528 2465 quidem
1554 2427 1587 2457 in
1615 2428 1763 2468 antiquis

1067 2473 1316 2511 exemplaribus
1352 2479 1494 2516 uterque
1533 2477 1626 2507 locus
1656 2482 1763 2509 extat.

1067 2522 1112 2552 D.
1130 2522 1240 2553 Heius.
1669 2554 1673 2557 .

1109 2575 1170 2601 565
1198 2574 1284 2603 Culce
1301 2583 1351 2604 ure
1371 2574 1486 2614 pudor]
1521 2575 1617 2607 Alter
1634 2577 1762 2608 Mureti

1068 2626 1101 2650 et
1130 2623 1251 2652 Lovau.
1280 2624 1332 2653 ille
1354 2625 1463 2663 pudor.
1493 2631 1597 2657 recte.
1621 2636 1697 2657 nam
1723 2626 1761 2657 τὸ

1066 2681 1118 2701 oro
1135 2673 1295 2712 sequitur.
1332 2674 1406 2705 vide
1423 2684 1471 2707 lv,
1489 2677 1588 2707 Cons.
1605 2678 1695 2710 Hon.
1711 2687 1761 2709 vs.

1065 2723 1140 2752 284.
1163 2723 1254 2753 rubor
1271 2733 1351 2754 nnus
1368 2725 1479 2756 Vatic.
1503 2726 1599 2758 Idem.

1109 2773 1197 2804 Calct
1213 2783 1264 2804 ore
1275 2774 1389 2815 pudor]
1429 2775 1602 2809 Ruborem
1615 2777 1761 2812 modesti

1075 729 1306 759 moderatione
1321 731 1462 760 anteivit
1479 732 1630 760 Stilicho.
