1763 3116
632 155 896 188 EPtSToLAE.

46 268 120 291 sene
136 259 387 291 commissurum
404 259 526 287 vatem.
559 252 655 286 Nihil
671 251 740 294 pla-

45 311 119 340 nius
136 310 320 350 meliusque
337 307 399 338 liae
415 305 573 336 lectione.
596 303 712 334 Barth.

91 360 216 400 Orphea
238 367 305 388 cum
326 356 464 396 primum
478 354 629 384 sociarent
642 352 743 383 numi-

46 420 88 440 na
123 410 224 447 taedae,
248 408 392 446 Ruraque
421 405 583 444 compleret
613 402 743 433 Threcia

49 459 159 491 Festus
182 455 320 497 Hymen]
353 455 407 486 Sic
435 455 524 485 enim
550 453 744 494 legendum,

47 519 113 541 nou
127 511 236 545 tertia,
259 512 297 538 ut
319 507 431 547 vulgo.
464 504 568 546 Θράκῃ
594 505 684 536 enim
708 509 745 535 et

46 558 149 600 Θρήκη
166 558 284 589 dicunt
297 557 425 588 Graeci.
452 557 592 587 Torreat.

89 611 207 643 Prima»
217 611 369 642 sociarent
383 611 498 642 lumina
511 609 616 650 toedae]
633 610 687 641 Sic
702 618 745 639 ex

44 662 150 693 veteri
177 662 260 692 libro
287 662 472 699 Claverius,
496 660 585 701 quod
610 665 746 690 secutus

45 712 323 754 Raplielengius3
375 712 552 752 amplexus
612 719 746 750 quoque

44 763 221 795 Diatribes
245 762 409 794 Statianae
436 771 511 802 cap.
538 764 590 792 45.
614 760 747 791 Grono-

47 815 130 845 vius.
176 813 286 852 primae
322 812 449 843 nuntina
479 813 569 842 toedae
603 812 747 841 Lucens.

45 862 167 893 Patav.
184 867 218 893 et
233 862 340 893 editio
358 861 562 899 Parmensis,
590 865 625 891 ct
648 860 746 900 prim.

46 913 124 943 Vat.
141 912 230 952 quod
256 921 371 942 verum
388 916 463 941 est:
490 910 588 949 vulgo
611 910 747 949 primum

43 963 168 992 numina
184 962 294 992 taedoe:
328 960 446 1001 scripti
476 961 532 990 alii
561 961 660 1001 primo
690 969 745 989 rtu-

45 1013 138 1052 mine,
166 1013 218 1043 vel
245 1012 380 1052 primum
411 1020 545 1042 munere.
584 1009 745 1040 Barthius

46 1068 151 1104 negat
178 1062 216 1092 τὸ
249 1063 361 1102 primoe
393 1063 485 1092 toedae
521 1069 621 1101 posse
651 1059 746 1098 ferri,

46 1112 134 1153 quod
175 1121 241 1143 non
273 1111 338 1142 nisi
376 1111 509 1142 unicam
549 1108 745 1149 Eurydicen

46 1162 179 1193 duxisse
193 1162 351 1202 Orpheus
367 1162 521 1202 legatur:
539 1160 633 1201 atqui
649 1159 746 1190 socia-

45 1218 115 1245 rent
138 1214 263 1244 numina
287 1214 396 1252 primae
412 1213 501 1242 taulae
519 1211 655 1250 Orphea,
680 1208 748 1239 dic-

48 1269 120 1296 tum
147 1274 208 1305 pro
231 1264 374 1304 primum
390 1262 580 1293 sociarent:
604 1261 651 1290 sic
675 1269 746 1299 pas-

46 1315 108 1345 sim
135 1315 318 1354 loquuntur
344 1312 456 1353 poeta>
482 1309 748 1351 praestantiores.

49 1366 93 1397 D.
110 1365 222 1396 Heius.

91 1418 110 1445 2
136 1415 248 1445 Festus
270 1413 410 1453 Hymen]
433 1411 548 1442 Fausti
563 1410 681 1440 ominis
698 1419 750 1440 er-

50 1474 104 1505 go,
127 1469 164 1495 ut
191 1463 273 1494 felix
297 1463 431 1493 adesset
456 1462 648 1500 invocatus,
668 1461 751 1490 licet

48 1523 116 1545 non
143 1513 324 1544 advenerit
348 1511 530 1553 propitius,
555 1511 608 1540 vel
636 1510 750 1540 favere

49 1569 184 1605 potens,
207 1568 244 1595 ut
259 1563 337 1594 fatis
352 1561 557 1593 arcentibus.
581 1560 697 1591 Barth.

91 1616 112 1644 4
139 1614 232 1644 Dona
255 1623 308 1644 suo
328 1612 409 1652 cali]
433 1612 635 1642 Delectatus
662 1610 751 1640 enim

51 1663 142 1694 silvis
164 1663 277 1695 fuerat
291 1663 461 1703 Orpheus,
496 1660 754 1701 Mytliologiam,

52 1713 141 1753 quod
157 1713 306 1745 homines
322 1712 432 1744 ferino
457 1712 550 1743 victu
578 1716 612 1742 et
635 1717 752 1743 contu-

50 1763 169 1795 bernio
184 1764 401 1803 abstraxerit,
417 1763 521 1794 habes
534 1763 623 1802 apud
641 1762 752 1793 Hora-

51 1815 148 1845 tium.
174 1814 294 1845 Potuit
309 1819 422 1845 tamen
439 1817 475 1843 et
491 1822 531 1843 ea
552 1821 637 1851 esse,
663 1811 752 1852 quod

53 1865 95 1895 de
112 1865 297 1896 visceribus
319 1863 468 1895 ferarum
494 1861 610 1894 futura
628 1862 752 1902 praetli-

53 1924 132 1946 ecre
150 1915 308 1946 instituit.
333 1915 430 1945 Idem.

96 1969 114 1995 5
142 1966 262 2004 Quippe
273 1965 358 1995 antri
379 1974 535 2003 memores,
547 1962 670 2002 cantus]
698 1963 753 2003 Ip-

53 2025 105 2046 sas
122 2017 211 2046 enim
225 2021 341 2048 cautes
355 2017 425 2046 sive
438 2021 553 2056 petras
566 2016 755 2046 adauxerat

56 2067 227 2107 Orpheus,
251 2072 288 2097 ut
309 2076 442 2097 scenam
469 2066 638 2106 quandam
663 2064 755 2095 face-

52 2123 142 2156 rent,
167 2117 387 2157 umbramque
413 2120 617 2156 proestarcnt
640 2120 755 2146 canta-

53 2172 140 2198 turo.
172 2168 263 2207 Ergo
281 2167 432 2197 umbram
448 2166 519 2196 sive
537 2170 670 2195 antrum
687 2174 756 2194 um-

54 2217 191 2249 brosum
216 2226 339 2249 canere
367 2225 517 2254 exorsus,
543 2215 607 2246 sibi
633 2213 757 2245 fecisse

54 2269 205 2299 cauendo
244 2268 401 2308 Orpheus
440 2265 650 2306 perhibetur.
712 2265 757 2295 Et

56 2321 157 2359 paulo
184 2324 263 2359 post
286 2319 320 2349 in
344 2317 453 2348 medio
478 2325 614 2346 nemore
643 2325 757 2345 conse-

57 2368 146 2398 disse
162 2369 221 2407 ait,
243 2368 331 2409 quod
349 2369 421 2408 ipse
436 2366 585 2398 fecisset.
623 2365 758 2396 Sonoras

57 2421 161 2448 cautes
190 2418 289 2455 dixit,
323 2417 412 2457 quod
442 2416 650 2458 paradoxum
682 2426 757 2447 cor-

58 2467 246 2507 rumpendo
262 2468 335 2498 loco
351 2467 431 2507 fuit,
453 2467 497 2498 ob
514 2467 684 2498 redditam
701 2476 756 2497 vo-

59 2527 145 2549 cem.
170 2517 265 2547 Idem.

106 2569 224 2598 Cantus
242 2567 291 2597 ubi
305 2576 383 2606 soepe
398 2567 529 2606 sonoroe]
553 2566 620 2597 Alii
635 2576 757 2598 sonore.-

58 2628 169 2650 canore
183 2617 308 2648 Mureti
324 2617 429 2648 liber:
450 2626 468 2646 a
484 2616 684 2657 quibusdam
702 2617 758 2648 ab·

60 2674 139 2700 sunt
165 2669 224 2699 illa
247 2677 326 2707 soepe
350 2676 465 2697 sonoroe
493 2667 588 2696 hiatu
618 2666 757 2698 relicto:

59 2727 139 2760 scepe
152 2728 258 2750 sonore
274 2717 454 2750 Praebuerat
469 2717 565 2748 dulcis
585 2725 628 2748 ex
643 2726 759 2753 manu-

1381 143 1498 187 1689

789 251 919 292 scripto
928 249 1120 282 Claverius:
1136 249 1282 280 Lucens.
1296 253 1389 279 cantu
1401 250 1496 282 subis.

791 303 968 341 Exeerpta
993 302 1075 332 Put.
1100 304 1194 332 cantu
1229 298 1358 329 subiisse
1383 299 1498 336 ferun-

791 354 864 382 tur.-
887 351 1021 383 Buslid.
1044 354 1152 382 cantas
1166 350 1274 389 ubique
1287 351 1360 379 aute
1375 358 1496 380 sonoro.

793 401 957 442 Ampliss.
971 400 1158 432 Gevartius
1173 409 1216 430 ex
1230 398 1444 438 conjectura,
1459 403 1497 429 ut

793 453 875 484 mihi
892 452 1028 494 quidem
1046 451 1194 491 videtur,
1210 456 1317 491 certa,
1332 453 1436 481 cautes
1446 449 1500 480 ubi

793 513 874 544 soepe
896 513 1034 539 sonorae,·
1067 508 1104 534 et
1129 503 1177 534 sic
1204 503 1240 533 in
1266 501 1500 542 Apophoretis

795 553 982 584 Behotius:
1005 552 1105 583 aliter
1121 552 1210 583 curis
1230 550 1400 593 prioribus
1414 550 1498 581 Bar-

796 604 895 635 thius.
921 604 965 635 D.
982 603 1096 634 Heius.

837 658 858 686 6
883 655 971 685 Mira
990 655 1127 695 theatra]
1158 652 1353 691 Naturalia,
1378 650 1503 682 consti-

798 711 879 745 pata
895 706 991 745 silva,
1007 709 1127 735 coacta
1144 703 1297 744 rupibus,
1313 702 1347 732 in
1363 701 1500 732 modum

797 755 1007 796 formamque
1023 753 1158 785 theatri.
1182 752 1296 784 Barth.

841 808 859 835 7
886 806 1039 836 Caucaseo
1056 803 1217 845 crystalla]
1253 804 1379 834 Eorum
1411 800 1502 832 euim

798 855 1005 885 incunabula
1032 855 1065 884 in
1096 854 1246 894 praealtis
1275 851 1502 892 perpetuique

798 904 934 945 frigoris
961 903 1146 942 montibus,
1181 903 1288 944 qualis
1315 902 1502 932 Caucasus.

800 955 899 985 luem.

842 1007 861 1034 8
887 1004 1032 1044 Gryphes
1055 1003 1236 1044 hyperborei
1257 1004 1393 1042 pondera
1410 1001 1505 1040 fulva

797 1054 869 1094 soli]
903 1054 1032 1085 Aurum
1059 1054 1149 1095 quod
1175 1053 1347 1084 custodire
1370 1053 1503 1093 fingun-

799 1109 855 1136 tur
870 1105 928 1134 illa
944 1104 1058 1135 dubiae
1081 1103 1161 1134 fidei
1183 1102 1378 1134 animantia.
1402 1102 1503 1133 Idem.

842 1157 862 1185 9
879 1155 1144 1186 FurataeVeneris
1155 1153 1262 1194 prato]
1281 1153 1312 1184 F
1313 1155 1400 1183 urata
1409 1155 1507 1192 prata

800 1206 921 1237 tertius
944 1206 1056 1236 Vatic.
1084 1206 1229 1244 Purgato
1251 1203 1504 1243 Rottendorph.

801 1257 905 1286 Forte
924 1256 1080 1287 Paestano.
1104 1256 1150 1287 D.
1168 1255 1287 1286 Heius.

849 1309 975 1338 Veneris
1009 1307 1114 1348 prato]
1154 1308 1253 1340 Quod
1295 1305 1505 1338 describitur

802 1359 1032 1398 Epithalamio
1060 1358 1223 1389 Honorii:
1249 1358 1257 1374 ‘
1283 1357 1381 1387 Intus
1406 1360 1508 1396 prata.

801 1409 941 1447 micant,
957 1408 1110 1439 munibus
1139 1417 1214 1448 quae
1241 1406 1379 1437 subdita
1404 1405 1506 1436 nullis

802 1459 1012 1499 Perpetuam
1044 1458 1183 1497 florent,
1222 1458 1384 1498 Zephyro
1424 1465 1506 1488 con-

801 1513 899 1539 tenta
913 1509 1056 1539 colono.⁷
1082 1508 1262 1539 Columbas
1279 1508 1311 1538 ei
1339 1508 1426 1538 Deae
1454 1515 1505 1536 sa-

801 1569 875 1590 cras
891 1568 958 1590 non
974 1558 1099 1589 attinet
1114 1558 1304 1596 ostendere,
1319 1562 1356 1588 et
1369 1557 1506 1598 Mytho-

802 1610 923 1649 logiam
941 1609 1021 1649 ipsae
1039 1608 1233 1639 ostendunt.
1257 1607 1375 1638 Barth.

847 1663 884 1692 11
912 1661 1088 1700 Fractaque
1103 1659 1248 1689 nobilium
1272 1657 1368 1687 ramis
1393 1657 1508 1687 electra.

801 1710 954 1750 sororum]
979 1710 1146 1740 Mobilium
1158 1707 1288 1738 Buslid.
1304 1707 1407 1737 Forte
1424 1705 1507 1746 Lap-

802 1771 894 1801 saque
913 1761 1069 1802 fleln'lz'am
1084 1768 1243 1794 sororam;
1267 1758 1333 1796 vel,
1357 1757 1508 1795 fletaque

803 1812 965 1842 nobilium:
1007 1816 1045 1842 ut
1077 1809 1167 1850 apud
1193 1808 1391 1840 Martialem
1417 1805 1507 1836 libro

805 1873 853 1894 tv.
874 1864 939 1903 Ep.
956 1866 1007 1893 59.
1031 1863 1039 1878 ‘
1059 1861 1235 1892 Flentibus
1253 1857 1439 1890 Heliadum
1454 1865 1506 1886 ra-

804 1913 866 1944 mis
880 1913 959 1943 dum
974 1912 1091 1952 vipera
1104 1909 1219 1950 repit!
1242 1908 1383 1947 Statius,
1398 1906 1510 1938 Theb.

805 1973 871 1994 xil.
893 1964 902 1979 ‘
919 1963 975 1994 Sic
992 1961 1244 2002 Hyperionium
1261 1958 1379 1998 tepido
1396 1956 1508 1987 Phae-

805 2015 928 2045 thonta
944 2022 1075 2044 sorores
1093 2013 1292 2042 Fumantem
1310 2010 1423 2039 lavere
1441 2008 1508 2038 Pa-

805 2065 860 2097 do.
884 2064 1021 2095 vixdum
1039 2063 1095 2093 ille
1120 2061 1301 2102 sepulchro
1329 2058 1508 2097 Conditus,

805 2120 841 2146 et
854 2115 976 2146 flentes
993 2119 1084 2145 stant
1097 2113 1225 2144 circum
1237 2109 1375 2141 flumina
1388 2107 1509 2139 silvae.'

807 2166 883 2196 Val.
912 2165 1068 2203 Flaccus,
1097 2164 1185 2194 libro
1209 2171 1236 2193 1.
1273 2159 1425 2191 ‘veteris
1455 2162 1510 2189 sat

808 2216 943 2246 conscia
972 2216 1084 2246 luctus
1111 2215 1204 2245 Silva
1233 2212 1335 2252 Padi,
1372 2214 1408 2242 et
1435 2209 1508 2240 viso

808 2265 929 2297 flentes
946 2266 1102 2305 genitore
1118 2273 1250 2296 sorores
1263 2262 1282 2294 :'
1300 2263 1361 2300 sic,
1382 2262 1391 2278 ‘
1404 2259 1510 2291 Fleti-

808 2315 861 2346 fer
877 2321 1016 2346 truncus
1032 2313 1192 2354 Myrrhae’
1216 2312 1305 2354 apud
1319 2310 1510 2343 Ausonium

808 2366 976 2407 Cupidine
994 2364 1169 2404 crucifixo,
1189 2364 1265 2395 loco
1279 2371 1346 2393 non
1361 2360 1443 2392 satis
1461 2359 1510 2389 in-

808 2421 919 2456 tegro,
946 2415 1005 2446 nbi
1031 2420 1145 2446 tamen
1170 2412 1314 2453 lacrymis
1340 2409 1511 2442 lucentibus

807 2467 934 2505 malim,
958 2475 1058 2507 quam
1073 2463 1261 2505 lugentibus.
1284 2463 1331 2493 D.
1346 2461 1467 2493 Heius.
1561 2456 1565 2457 ⁷

850 2517 1012 2548 Nobilium
1025 2515 1178 2555 sororum]
1202 2514 1341 2554 Quippe
1365 2511 1407 2542 de
1433 2518 1509 2551 pro-

808 2568 908 2607 genie
940 2567 1036 2608 Solis,
1068 2567 1126 2608 qui
1153 2567 1186 2597 in
1214 2564 1361 2596 omnium
1389 2558 1510 2593 oculis.

808 2618 924 2649 Barth.

852 2670 893 2699 14
918 2668 1070 2698 Germina
1094 2675 1168 2696 cara
1191 2664 1302 2704 maris]
1323 2655 1511 2699 Quidquid,

810 2718 872 2760 ait,
892 2719 1093 2759 pretiosum,
1116 2718 1150 2750 in
1169 2716 1271 2749 rubro
1293 2712 1376 2745 mari
1397 2710 1510 2744 nasci-
