1763 3116
452 173 502 203 IN
539 170 826 203 EUTROPIUM
862 171 957 201 LlB.
992 171 1044 201 11.

27 267 162 300 minime
175 267 453 300 accuratissimas.
478 267 594 297 Barth.

69 321 129 349 2-17
148 319 247 360 Thym·
262 319 392 349 Thraces
403 316 507 356 erunt]
521 317 605 348 Quae
623 324 725 353 nunc,

27 368 86 406 ait,
113 368 270 407 Bithynia
301 367 502 402 nominatur,
529 366 606 396 olim
624 365 725 395 Thra-

28 418 87 448 ciae
105 427 180 457 pars
207 421 293 453 erat,
316 416 461 456 Thynis,
487 417 560 456 ejus
588 416 726 462 populo,

26 467 191 498 habitata.
219 467 313 498 Idem.

73 517 171 557 Thyni
201 518 331 548 leraces
360 516 462 557 erunt]
500 518 603 547 Arant
629 516 725 556 prim.

25 566 134 597 Vatic.
149 572 181 597 et
200 567 412 607 quinquealii
429 578 435 597 ε
454 567 592 606 optime.
619 566 725 605 ergi-

27 617 90 647 lius
121 617 278 647 AEneidos
306 618 431 647 tertio:
455 617 583 646 ‘Terra
607 616 725 656 procul

27 667 130 697 vastis
146 669 269 698 colitur
282 667 453 697 Mavortia
466 665 593 706 campi-
609 665 724 706 (Thra-

27 727 83 748 ces
105 718 217 755 arant)
234 718 303 748 ucri
321 717 484 758 quondam
504 721 645 757 regnata
663 716 725 756 Ly-

28 768 156 808 curgo.'
203 767 309 799 Rufus
339 769 458 798 Festus
484 767 633 797 Avienus
660 767 726 796 De-

27 818 211 858 scriptioue
228 817 350 847 Orbis:
375 820 383 833 ‘
403 821 483 846 tun(¹
502 816 564 856 ipsi
582 816 727 845 maxima

27 868 172 898 Thraces
192 868 335 897 Vomere
356 866 539 896 sollicitant
561 875 664 895 curvo
683 866 727 895 lo-

28 917 90 948 ca.'
126 917 214 947 Stat.
244 916 346 946 Theb.
376 925 408 946 v.
431 918 439 932 ‘
457 916 604 945 Thraces
631 919 728 945 arant

28 970 168 998 contra:
192 966 357 996 Thracum
382 964 502 995 fatalia
525 965 619 994 nobis
638 965 728 995 Lito-

29 1015 87 1047 ra.'
111 1015 306 1046 Priscianus
324 1015 520 1053 Periegesi:
552 1018 560 1031 ‘
581 1015 728 1044 Thraces

31 1071 128 1097 arant
143 1071 219 1106 post
236 1065 308 1101 hos,
333 1065 494 1096 latissima
511 1075 590 1095 rura
614 1070 729 1095 tenen-

31 1117 105 1148 tes.’
150 1117 276 1147 Lucan.
292 1116 348 1145 lib.
366 1125 415 1147 tv.
445 1116 454 1132 ‘
472 1116 548 1148 Qua
567 1116 647 1146 nudi
663 1116 730 1146 Ga-

32 1171 203 1198 ramantes
247 1166 369 1196 arant.’
435 1166 547 1205 Silius,
582 1165 641 1196 lib.
681 1175 729 1196 ιν.

29 1220 38 1236 ‘
60 1218 149 1249 Huic
181 1217 274 1248 cadit
301 1215 417 1247 infelix
444 1216 551 1247 niveis
579 1217 732 1246 Varenus

32 1270 65 1300 in
81 1270 194 1307 armis,
212 1270 374 1300 Mevanas
401 1270 566 1307 Varenuffi
588 1274 660 1299 arat
678 1268 732 1298 cui

34 1319 147 1349 divitis
165 1319 248 1349 uber
262 1320 379 1358 Campi
405 1319 569 1359 Fulginea
586 1319 605 1349 :'
629 1319 675 1349 sic
691 1328 733 1348 ex

36 1369 163 1409 optimo
191 1369 274 1399 libro
303 1369 490 1407 legvndum.
516 1370 674 1406 illei-anas,
697 1374 734 1399 ut

38 1420 197 1460 Arpinas,
222 1421 415 1459 Privernas,
445 1421 603 1457 Fidenas,
626 1422 734 1461 Cape-

36 1480 110 1508 nas,
124 1470 254 1499 similia.
278 1471 286 1486 ‘
302 1469 472 1500 Altinates
491 1471 656 1509 genestas’
681 1472 735 1500 lia-

35 1518 95 1549 bes
125 1520 214 1559 apud
244 1519 411 1550 Gratinm.
434 1520 442 1536 ‘
461 1521 617 1559 Fulginas
633 1521 738 1550 mnni-

38 1569 173 1609 cipium'
188 1574 221 1600 et
247 1572 254 1586 ‘
269 1570 427 1609 Fulgiuas
445 1570 664 1610 praefectura'
684 1571 737 1600 Ci-

37 1619 151 1650 ceroni
177 1620 210 1650 in
249 1619 413 1651 Oratione
450 1630 509 1661 pro
539 1622 577 1651 L.
602 1621 738 1651 Vareno

39 1670 128 1710 apud
148 1669 372 1701 Priscianum.
397 1672 439 1702 D.
455 1672 567 1702 Heius.

80 1723 140 1751 251
166 1720 233 1751 Dat
257 1724 366 1751 cuncta
389 1724 522 1752 vetustus
546 1722 740 1761 Principium

40 1770 233 1811 Phrygibus]
256 1771 421 1802 Veritatis
450 1771 586 1813 quidem
611 1772 739 1812 ignara,

41 1821 257 1852 etadiluvio.
281 1822 397 1853 Barth.
542 1839 550 1843 -

83 1874 144 1902 252
170 1872 237 1902 Nec
255 1872 326 1903 Rea:
354 1873 525 1913 AEgyptius
540 1874 620 1904 ultra
639 1873 741 1903 Resti-

41 1921 96 1962 tit]
130 1921 218 1951 Vide
257 1922 444 1953 Historiam
479 1923 547 1952 sive
583 1922 741 1953 Fabulam

43 1970 133 2012 apud
150 1971 476 2011 Herodotum,libro
494 1982 533 2003 11.
558 1974 656 2003 Idem.

86 2021 154 2053 Nec
167 2031 224 2052 rex
242 2023 424 2063 AEgyptius]
460 2023 548 2054 Vide
568 2023 658 2064 apud
676 2023 743 2053 Hc-

43 2071 199 2103 rodotum
207 2073 353 2104 nobilem
363 2074 617 2105 contentionem
629 2074 744 2104 Psam-

44 2122 183 2152 metichi
209 2123 296 2162 regis
321 2124 460 2163 AEgypti
484 2134 559 2154 curn
584 2124 741 2163 Phryge:

44 2176 121 2202 utra
148 2171 260 2212 lingua
282 2178 339 2204 aut
356 2174 449 2205 natio
472 2179 561 2205 esset
579 2174 671 2214 prior
687 2177 746 2204 aut

45 2221 225 2262 antiquior.
252 2224 373 2255 Clarer.

88 2274 150 2302 253
178 2272 287 2303 Uberis
301 2274 424 2314 expers]
456 2275 547 2305 Isidis
569 2275 745 2307 Lucensis.

46 2322 131 2353 latet
148 2323 286 2364 aliquid.
312 2325 356 2355 D.
374 2325 487 2356 Heius.

91 2375 152 2403 255
177 2372 243 2403 Hic
257 2374 368 2404 cecidit
383 2375 523 2416 Libycis]
550 2376 656 2416 Lyciis
673 2376 747 2407 Cla-

48 2421 158 2452 verius
171 2432 211 2452 ex
229 2424 337 2454 veteri
351 2425 434 2455 libro
448 2435 456 2463 ;
471 2426 530 2456 sed
549 2432 631 2466 puto
648 2427 748 2467 ana-

51 2472 94 2502 cii
121 2474 352 2514 conjecturam
391 2487 478 2517 esse,
514 2479 621 2509 nostri
660 2479 748 2509 enim

53 2530 165 2553 omnes
188 2524 218 2554 iu
237 2527 408 2557 contraria
431 2533 510 2558 eunt
527 2539 534 2558 ι
561 2529 651 2558 nulla
668 2538 751 2568 opus

53 2573 251 2613 mutatione,
280 2576 306 2605 si
335 2577 377 2606 de
407 2578 604 2608 Tritoniaca
629 2579 751 2617 palude

55 2622 277 2662 intelligatur.
301 2627 413 2665 Silius,
430 2628 487 2660 lib.
504 2637 556 2659 lx.
588 2630 596 2645 ‘
614 2630 658 2659 Et
676 2629 753 2659 Pal-

55 2672 104 2702 las
122 2672 253 2712 Libycis
266 2676 463 2708 Tritonidos
480 2678 573 2709 edita
587 2679 754 2718 lymphis!

59 2723 184 2754 Lucan.
197 2723 254 2754 lib.
271 2733 319 2756 ix.
332 2727 341 2742 ‘
356 2728 532 2768 stagnique
546 2728 662 2769 quieta
674 2729 756 2759 Vul-

1362 163 1475 204 1487

778 270 829 297 tus
846 266 931 296 vidit
948 276 1046 307 aqua,
1068 265 1249 307 posuitque
1267 266 1299 296 in
1324 268 1473 305 margine

777 316 922 355 plantas,
938 317 981 347 Et
998 325 1033 347 se
1051 316 1178 347 dilecta
1191 316 1367 347 Tritonida
1388 317 1474 348 dixit

777 366 819 397 ab
837 366 925 397 unda
940 367 960 397 :'
983 377 1044 407 pro
1073 367 1195 403 cecidit,
1219 366 1387 396 Livineius
1401 367 1476 396 ceci-

777 418 846 449 m'e:
873 423 908 448 et
935 418 983 448 sic
1014 418 1171 458 isingrin.
1200 422 1235 447 ct
1264 418 1410 447 Floreat.
1440 417 1476 447 S.

778 467 889 498 Marci
912 478 920 506 ;
947 467 1034 508 quod
1075 477 1204 498 omnem
1243 466 1477 497 difficultatem

778 518 878 548 tollit.
903 518 971 548 Pro
988 518 1106 557 umbra,
1131 520 1212 548 unda
1231 520 1321 557 prior
1338 517 1478 555 Moreti,

779 574 813 598 et
829 569 982 599 redderet.
1008 569 1114 599 Idem.

822 619 905 649 Heio
932 619 1042 649 cecidit
1068 619 1194 659 Libycis
1212 619 1334 656 jactata
1357 617 1478 656 paludi-

779 668 848 708 bus]
873 669 1000 699 Fabula
1027 674 1076 699 est
1103 670 1143 698 de
1174 669 1327 699 Minerva
1350 676 1482 704 recens,

780 719 952 749 inventam
988 719 1104 750 tibiam
1131 717 1282 755 inflante,
1308 728 1381 758 quae
1403 726 1478 748 cum

781 770 812 799 in
830 769 944 800 umbra
970 776 1028 800 aut
1045 769 1145 799 fluvio
1169 768 1360 799 intlatarum
1379 768 1481 798 mala-

782 829 853 849 rum
880 825 1043 849 tumorem
1063 819 1215 857 vidisset,
1230 818 1374 858 projecit
1391 817 1482 848 fistu-

782 870 859 906 lam,
881 879 978 909 quam
998 869 1209 899 invenientes
1223 875 1394 908 pastorum
1412 867 1483 908 qui-

782 919 870 953 dam,
885 918 1037 947 didicere
1052 919 1290 949 modulamina.
1324 919 1439 949 Barth.

825 970 888 997 256
914 967 1073 997 Foedntam
1105 978 1172 997 cum
1209 969 1343 998 reddidit
1374 968 1484 999 umbra

784 1016 975 1055 Illinervdm]
999 1016 1122 1046 Buccis
1154 1018 1376 1048 tumentibus.
1422 1019 1484 1048 Fa-

785 1065 864 1096 bula
878 1071 992 1096 exstat
1010 1066 1098 1106 apud
1117 1066 1220 1097 Ovid.
1249 1068 1346 1098 Idem.

827 1119 889 1146 258
918 1116 1013 1156 Pelle]
1055 1117 1267 1147 Miserrimus
1296 1118 1352 1148 ille
1369 1123 1485 1149 canto-

785 1176 869 1197 rum.
914 1167 1040 1197 Versus
1071 1177 1252 1207 expressus
1269 1168 1310 1198 de
1335 1168 1436 1199 Statii
1452 1170 1489 1199 li-

785 1216 846 1247 bro
872 1226 921 1247 lv.
960 1218 968 1234 ‘
988 1217 1142 1248 Illustres
1167 1218 1288 1258 Satyro
1316 1219 1488 1259 pendente

787 1267 962 1298 Celaenas?
988 1269 1084 1299 Idem.

829 1320 893 1348 259
917 1319 1059 1353 Quatuor
1074 1318 1137 1358 hic]
1165 1319 1237 1349 Imo
1249 1318 1320 1349 hinc
1333 1328 1408 1350 cum
1426 1320 1490 1350 Lu-

788 1369 878 1398 censi
895 1373 929 1398 et
945 1368 1074 1399 duobus
1091 1370 1175 1400 aliis.
1200 1370 1245 1400 D.
1264 1369 1376 1401 Heius.

830 1421 889 1447 261
918 1419 1021 1447 Toties
1045 1420 1161 1457 lavere]
1195 1420 1277 1450 Cum
1309 1429 1394 1450 uuus
1416 1420 1489 1460 ejus

791 1471 902 1497 tactus
927 1467 1094 1506 potuisset
1120 1477 1176 1498 eas
1203 1479 1320 1499 aureas
1337 1473 1427 1501 totas
1444 1469 1492 1500 fa-

789 1525 880 1546 cere.

831 1569 892 1596 263
932 1566 1122 1605 Sangarium
1149 1567 1252 1607 Galli]
1299 1569 1491 1600 Martianus

791 1616 943 1656 Capella,
974 1625 1024 1647 Vl.
1053 1619 1106 1647 35.
1141 1618 1329 1657 ‘bithynia
1358 1618 1491 1649 initium

790 1666 893 1697 Ponti
908 1671 972 1704 est,
986 1671 1019 1697 et
1036 1667 1076 1697 ab
1094 1672 1170 1698 ortu
1184 1669 1335 1698 Tlu'aciae
1350 1669 1493 1699 adversa

789 1728 807 1747 a
823 1718 989 1757 Sangario
1014 1716 1148 1748 flumine
1178 1719 1304 1758 primos
1326 1719 1495 1750 habitato-

791 1777 844 1798 res
861 1768 975 1806 habet,
993 1769 1046 1809 qui
1064 1767 1184 1799 fluvius
1207 1770 1262 1799 alii
1281 1769 1394 1808 fluvio,
1412 1770 1495 1801 Gal-

792 1818 835 1853 lo,
870 1819 1040 1855 miscetur,
1068 1829 1087 1849 a
1115 1830 1180 1859 quo
1214 1821 1303 1851 Galli
1332 1821 1494 1851 dicuntur

792 1869 935 1898 ministri
956 1870 1072 1899 matris
1089 1871 1223 1902 Deum?
1248 1871 1363 1902 Barth.

835 1922 896 1949 267
923 1919 1007 1949 Dum
1030 1930 1101 1949 suus
1127 1925 1183 1957 est,
1203 1921 1352 1961 flexuque
1375 1921 1496 1961 careus]

797 1969 970 2009 Flexusque
986 1980 1104 2007 careus,
1130 1974 1278 2002 ‚secundo
1308 1981 1403 2010 casu,
1429 1972 1499 2012 pri·

794 2029 867 2050 mus
898 2025 933 2050 et
962 2020 1082 2050 tertius
1116 2021 1298 2052 Vaticani:

796 2070 899 2100 etiam
918 2070 1122 2101 Oiseliauus.

1335 2027 1497 2060 venuste;

1168 2072 1222 2102 Sic
1238 2082 1325 2110 cgere
1342 2081 1430 2102 nuuc
1449 2081 1498 2102 se-

797 2120 942 2151 cundum
960 2130 1048 2151 nunc
1073 2127 1231 2162 quartum
1256 2132 1369 2153 casum
1399 2122 1501 2162 regit.

797 2171 841 2203 D.
859 2171 969 2202 Heius.

840 2224 904 2252 200
929 2222 1012 2256 Quos
1025 2222 1107 2253 inter
1120 2224 1225 2263 aprica
1240 2222 1410 2263 Planities]
1445 2223 1500 2253 In-

799 2276 851 2303 ter
879 2271 982 2303 fluvia
1009 2273 1170 2304 videlicet
1196 2274 1370 2314 Phrygiae,
1401 2272 1500 2304 modo

799 2323 982 2354 nominata.
1006 2325 1104 2355 Idem.

842 2377 902 2405 271
928 2374 1062 2414 sitibus,
1074 2379 1101 2405 et
1114 2375 1386 2415 glum-ossructus]
1404 2376 1503 2406 Glau-

800 2435 843 2455 cae
882 2435 965 2455 unus
996 2425 1153 2455 Ambros.
1183 2426 1404 2463 concinnius;
1441 2434 1502 2464 pro

768 2475 932 2515 ,sructus,
971 2476 1063 2515 prior
1092 2476 1268 2506 Leidensis
1299 2480 1335 2505 ct
1365 2478 1504 2515 quartus

802 2527 988 2557 Vaticanus
1006 2527 1149 2567 fluctus:
1191 2528 1390 2565 elegantem
1428 2534 1502 2554 nam

795 2576 924 2614 fructus
939 2578 1079 2607 attollere
1091 2578 1199 2607 minus
1214 2577 1349 2617 proprie
1364 2576 1503 2605 dictum.

804 2626 911 2657 Rufus
946 2628 1065 2657 Festus
1092 2626 1268 2657 Avienus:
1304 2629 1312 2642 ‘
1341 2626 1419 2664 Ipsa
1450 2623 1505 2653 de-

803 2677 882 2707 hinc
911 2678 1024 2716 tellus,
1049 2686 1114 2717 qua
1141 2674 1436 2715 circumplectitur
1453 2682 1505 2702 or-

805 2727 894 2768 bem,
923 2728 969 2759 Et
999 2736 1221 2768 procerarum
1252 2724 1358 2755 fluctu
1385 2728 1505 2754 vernat
