1763 3116
469 184 517 213 is
558 180 846 213 EUTROPIUM
887 180 1065 210 L113.11.

87 291 128 319 50
153 290 250 318 Omne
269 287 414 324 futurum
449 281 646 322 Despicitur]
686 280 740 312 Ab

45 338 236 378 Epimetlwi
263 335 397 376 quidem
424 332 552 370 sobole,
574 331 616 362 de
645 332 740 372 cujus

43 386 270 427 imprudentia
297 382 384 414 infra
406 384 467 412 lioc
493 381 587 412 libro.
618 381 741 411 Divina

43 443 121 468 sunt
136 438 207 467 liaec
221 436 340 465 omnia.
366 433 482 464 Barth.

84 490 124 518 54
152 487 206 516 Tot
242 484 348 524 signa]
393 483 509 523 Auget
548 482 737 522 periculum

39 537 80 568 ad
92 536 307 567 indicandam
322 536 457 565 Ducum
472 532 737 564 Arcadianorum

40 587 239 618 socordiam.
287 585 412 615 Omnia
430 584 461 614 iu
488 584 618 614 laudem
646 584 737 613 Stili-

37 636 162 675 chonis,
184 645 281 676 quem
298 635 456 666 adversus
483 643 538 663 eos
564 634 679 663 Duces
705 633 737 662 iu

39 686 214 718 Orientem
240 688 304 716 iter
331 685 483 715 molitum
505 683 622 714 scribit
646 683 739 714 Zosi-

39 746 111 767 mus
126 748 133 767 :
151 737 238 778 quod
254 736 279 765 si
294 734 462 765 conticere
476 733 595 764 fnisset
607 733 737 772 datum,

39 787 127 818 haud
146 787 248 818 dubio
280 786 391 816 onmia
420 785 538 816 melius
563 784 738 814 successis-

42 843 127 868 sent.
153 838 248 868 Idem.

82 891 121 917 55
150 887 231 917 Proh
247 886 352 925 sexus]
377 885 454 915 Non
479 885 549 913 vult
565 883 738 913 nominare

40 939 188 969 dedecus
211 939 311 968 etiam
331 936 501 967 virilitatis
522 935 664 971 amissa‘,
679 934 738 964 sed

39 989 277 1020 inclamatione
292 988 442 1018 dolorem
453 986 561 1024 sedat,
578 990 613 1016 et
626 990 738 1015 tamen

39 1040 210 1079 proponit.
237 1039 333 1068 Idem.

84 1093 123 1120 57
149 1089 379 1128 Hor-tantosque
402 1086 490 1126 licet]
535 1086 636 1117 Hunc
667 1095 737 1116 ver-

39 1151 109 1172 sum
126 1141 283 1171 Bartliins
300 1139 481 1171 delendum
495 1142 610 1168 censet
626 1148 633 1176 ;
657 1137 736 1168 mihi

39 1193 137 1223 aliter
152 1191 297 1222 videtur.
327 1189 504 1221 Constabit
521 1189 609 1219 enim
625 1188 736 1219 versui

39 1253 97 1274 sua
113 1243 294 1284 elegantia,
308 1242 334 1271 si
348 1251 406 1282 pro
423 1242 504 1278 licet,
520 1241 608 1282 qnod
626 1240 735 1271 minus

39 1293 203 1324 concinne
233 1293 414 1333 repetitur,
445 1292 608 1331 corrigas,
635 1291 735 1322 simul.

41 1343 269 1382 Hortantesque
282 1344 372 1373 simul
386 1344 566 1382 sponderent
591 1352 737 1382 prospera

40 1393 127 1424 Diri.
152 1394 192 1422 D.
212 1394 330 1423 Heius.

81 1446 118 1473 61
146 1442 236 1472 Senis
252 1441 385 1480 infundi]
413 1440 553 1470 Tiberii.
579 1440 693 1470 Barth.

81 1495 122 1523 66
145 1492 276 1522 Adrolvi
289 1490 434 1530 genibus]
458 1490 545 1520 vido.
560 1494 737 1529 corruptos

31 1542 102 1583 jam
129 1546 198 1572 tum
229 1549 337 1570 mores
367 1540 398 1569 in
429 1539 582 1569 Romano
612 1539 737 1569 homini

34 1591 245 1624 abominabili
263 1590 493 1621 submissione.
522 1589 619 1620 Idem.

78 1646 118 1673 67
142 1642 300 1681 Ambitus]
336 1641 398 1671 His
424 1640 514 1670 enini
546 1639 664 1671 beatos
698 1650 733 1671 se

34 1692 108 1724 fieri
125 1694 323 1724 credebant.
346 1692 443 1722 Idem.

75 1748 116 1776 68
142 1745 330 1775 ΡΓαεὶάἱηνη
355 1743 472 1784 legum]
497 1743 640 1774 Romani
668 1753 735 1774 ma-

37 1795 196 1836 gistratus
214 1801 343 1827 tutores
358 1795 482 1835 legum.

79 1846 268 1886 Genitorque
277 1849 404 1876 vocatur
415 1845 589 1886 Principis]
603 1845 734 1885 Utpote

34 1896 209 1928 Patritius.
230 1896 346 1927 Barth.

74 1949 116 1978 69
140 1947 257 1987 Regia]
282 1946 453 1977 Familiam
470 1946 650 1976 domumve
666 1945 733 1977 Im-

39 1998 244 2038 peratoriam
262 2003 366 2028 totam
384 1997 479 2028 dicit.
503 1996 602 2027 Idem.

78 2051 120 2078 70
143 2049 328 2087 posteritas,
343 2045 493 2085 admitte]
516 2045 731 2077 Exclamatio

35 2098 68 2128 in
82 2107 117 2128 re
135 2099 227 2128 velut
244 2097 444 2128 incredibili.

74 2149 275 2179 Illonumenta
300 2146 482 2186 Dedecoris]
504 2146 644 2184 Statu'ae,
663 2145 730 2177 effi-

32 2199 113 2239 gies,
128 2199 284 2239 pictnrae.
310 2199 424 2229 Barth.

76 2252 114 2280 71
134 2250 312 2287 Dedecoris,
324 2249 490 2288 multisque
500 2246 643 2286 gemunt]
659 2248 731 2277 Mn-

32 2301 130 2341 tisque
154 2301 238 2331 alter
265 2300 358 2331 Leid.
397 2298 533 2330 Deinde
560 2298 625 2328 ha‘c
653 2298 731 2328 nitet

30 2360 95 2381 non
111 2351 159 2381 hic
172 2350 289 2390 scripti
307 2349 468 2390 potioreS.
492 2348 535 2379 D.
554 2348 665 2378 Heius.

73 2403 114 2432 74
138 2402 252 2440 Fulget
267 2400 372 2441 eques]
396 2400 581 2440 Equestres
598 2408 730 2439 quoque

33 2454 161 2482 statuas
175 2450 381 2482 etl'oemiuato
407 2455 510 2490 atque
527 2449 656 2480 evirato
672 2448 731 2479 lio-

35 2501 115 2531 mini
133 2501 230 2532 <latas
245 2502 369 2532 multas
386 2500 532 2541 intelligi
550 2500 645 2531 vult:
671 2500 732 2531 eti-

35 2559 86 2580 am
102 2550 134 2581 in
152 2553 253 2583 Curia
280 2557 513 2583 consecratam
535 2552 730 2591 imaginem,

36 2601 173 2632 relatam
188 2603 320 2633 scilicet
346 2603 379 2633 in
402 2603 522 2633 seriem
548 2602 730 2632 Trabeata-

34 2661 120 2689 rum,
136 2651 253 2691 quibus
269 2652 405 2683 familia?
419 2653 615 2683 consulares
632 2656 731 2683 erant

33 2701 238 2741 conspicua*¹
283 2703 450 2733 Notandae
467 2709 578 2734 autem
602 2701 731 2743 effigies

33 2751 123 2782 datae
153 2751 195 2781 ad
227 2750 376 2781 habitum
407 2753 627 2792 magistratus
665 2763 730 2795 quo

34 2801 169 2833 functus
185 2801 314 2843 aliquis.
338 2800 452 2833 Barth.

1379 171 1399 211 'l
1410 172 1492 213 451

835 276 876 304 70
910 273 1045 303 Cunctas
1070 273 1125 302 hoc
1151 282 1202 302 ore
1227 271 1381 312 laborant]
1414 275 1492 306 Non

792 325 856 354 hoec
876 335 929 354 ora
955 324 1094 364 scripti:
1120 324 1217 363 prim.
1233 324 1345 354 Vatic.
1373 325 1493 356 Instau-

792 385 861 405 rare
879 376 929 405 vel
948 375 1117 405 Ine-estare:
1141 380 1175 404 nt
1190 373 1335 404 fortasse
1349 374 1496 405 scriben-

792 425 870 455 dum
887 425 950 462 sit;
973 425 1092 455 cunctis
1120 426 1183 455 herc
1208 435 1261 455 ora
1284 424 1423 455 laborant
1441 425 1494 456 In-

790 478 930 505 stuurare
947 475 1013 505 riis.
1060 475 1142 504 Mox
1168 477 1234 504 tutu
1261 483 1319 513 pro
1334 484 1412 513 pura
1428 474 1494 504 Pa-

793 531 859 555 tav.
888 526 1017 565 pulchra
1041 535 1123 554 {inus
1154 525 1246 554 Med.
1277 531 1310 555 et
1337 525 1494 555 considere

792 585 850 615 pro
878 576 1064 611 consistere,-
1096 575 1264 616 quomodo
1290 580 1325 605 et
1352 576 1493 605 Rotten-

790 626 910 666 dorph.
931 627 1012 657 Mox
1025 627 1131 657 subtus
1147 637 1206 667 pro
1223 627 1325 657 subter
1342 631 1410 657 tres
1423 626 1493 657 alii.

791 678 833 709 D.
854 677 964 709 Heius.

832 732 873 759 78
900 728 1065 769 Certaque]
1091 729 1144 759 Ne
1166 727 1368 766 relabimini,
1385 726 1444 767 ait,
1459 727 1492 757 in

790 780 858 810 tale.
887 780 1022 820 aliquod
1052 780 1171 809 iterum
1198 778 1342 816 facinus,
1369 782 1426 808 aut
1449 787 1492 808 ne

790 830 920 868 negetis
936 829 1116 869 aliquando
1136 830 1222 859 lianc
1238 832 1384 859 vestram
1408 827 1493 857 insa-

790 879 890 909 niam.
917 880 1031 909 Barth.

831 932 873 959 79
897 928 1025 968 Subter]
1054 928 1094 958 In
1115 928 1183 958 basi
1212 932 1348 965 statuae,
1373 927 1429 958 ubi
1446 928 1494 958 iu·

789 978 1028 1008 scribebantur
1066 987 1287 1017 personarum
1316 979 1355 1008 iis
1385 978 1493 1009 titulis

788 1029 1027 1058 lionoratarum
1044 1027 1171 1057 laudes.
1195 1028 1292 1057 Idem.

831 1082 872 1109 80
898 1078 993 1108 Claro
1005 1079 1082 1118 quod
1097 1077 1207 1108 nobilis
1222 1077 1307 1117 ortu]
1333 1077 1392 1107 Vir
1409 1082 1492 1117 puta

788 1129 925 1160 illustris
941 1128 1122 1167 natalibus,
1135 1133 1191 1159 ant
1209 1128 1277 1159 tale
1292 1127 1391 1168 quid3
1415 1137 1491 1158 nam

788 1179 831 1210 ad
848 1179 1096 1210 obscurandam
1114 1179 1245 1219 generis
1259 1183 1294 1210 et
1308 1178 1493 1219 peregrini-

789 1232 870 1262 tatis
887 1231 1131 1262 obscuritatem
1146 1229 1218 1260 liaec
1232 1229 1377 1260 maxime
1392 1228 1491 1261 affec·

788 1286 876 1313 tasse
892 1281 1088 1322 Eutropium
1102 1280 1323 1312 clarissimum
1339 1284 1411 1310 est:
1430 1280 1491 1311 ita-

787 1343 850 1373 que
869 1338 904 1364 et
919 1333 1150 1364 inusitatiores
1176 1331 1290 1362 titulos
1308 1331 1491 1362 accessisse

787 1388 952 1414 memorat
968 1383 1186 1413 Claudianus.
1212 1382 1310 1412 Idem.

832 1438 868 1464 81
910 1436 985 1463 (um
1015 1435 1119 1462 rit-ant
1148 1432 1278 1472 domini]
1317 1433 1429 1472 Supra
1455 1431 1490 1462 in

789 1483 990 1524 praefatione
1016 1482 1167 1513 dominos
1195 1483 1351 1522 Eutropii
1375 1492 1492 1522 super-

787 1534 884 1565 stites
908 1533 1067 1572 dignitati
1085 1533 1172 1572 ejus,
1196 1532 1366 1572 dejectum
1383 1537 1492 1563 certa·

787 1585 847 1615 tim
873 1585 905 1614 in
933 1583 1130 1613 servitutem
1157 1581 1330 1611 vindicare
1346 1582 1492 1613 voluisse

786 1634 920 1671 asserit,
945 1638 980 1664 et
1007 1633 1125 1663 dedita
1147 1641 1250 1672 opera
1272 1631 1359 1661 libro
1383 1633 1491 1672 primo

786 1683 937 1714 infinitos
954 1692 1009 1714 eos
1023 1682 1217 1722 descripsit.
1262 1682 1371 1714 Quam
1384 1682 1491 1723 indig-

785 1744 828 1764 na
845 1739 958 1764 autem
977 1743 1029 1764 res
1045 1733 1175 1763 natales
1190 1733 1332 1763 hominis
1348 1732 1492 1773 publicis

785 1783 1011 1815 monumentis
1029 1782 1173 1819 laudari,
1190 1782 1286 1823 cujus
1303 1782 1428 1813 domini
1445 1783 1492 1814 vi-

785 1841 866 1867 vant
882 1836 991 1866 adhuc
1010 1840 1044 1867 et
1062 1835 1251 1876 supersint!
1279 1835 1378 1865 Idem.

830 1887 907 1917 Cum
923 1888 1028 1918 rit-aut
1054 1885 1185 1924 domini]
1212 1885 1347 1915 Conviva
1362 1884 1492 1924 domini,

785 1938 983 1978 Eutropius,
1001 1946 1100 1978 quein
1129 1937 1199 1966 Du.
1214 1935 1381 1966 Arcadius
1397 1945 1490 1966 men-

785 1998 830 2020 sae
847 1989 971 2019 honore
988 1987 1147 2027 dignatus
1165 1986 1230 2023 sit;
1261 1985 1318 2024 qui
1341 1995 1490 2016 summus

784 2039 890 2070 honor
916 2049 955 2069 ac
984 2038 1176 2078 praecipuus
1202 2035 1291 2076 apud
1309 2034 1489 2065 Curtium:

784 2091 873 2120 unde
903 2094 938 2120 et
966 2090 1041 2120 Lat.
1066 2087 1235 2118 Pacatus:
1259 2088 1267 2102 ‘
1286 2085 1349 2116 Ille
1374 2093 1490 2115 mensa

785 2141 916 2180 beatus,
941 2141 997 2170 ille
1025 2139 1139 2170 osculo
1168 2140 1387 2168 consecratus
1414 2135 1490 2167 est.'

785 2195 908 2224 Claver.

828 2245 907 2274 Cum
923 2243 1029 2273 vivant
1042 2240 1173 2280 domini]
1191 2239 1277 2270 Haec
1294 2243 1328 2270 et
1345 2247 1488 2279 sequen-

782 2294 831 2325 tia
848 2291 1117 2334 inquinatissima
1133 2295 1242 2321 eraut.
1281 2289 1404 2319 Veram
1421 2289 1489 2319 lec-

782 2344 908 2375 tionem
926 2353 967 2373 ex
987 2341 1124 2382 scriptis
1150 2340 1243 2370 libris
1261 2338 1489 2380 deprehendit

783 2396 834 2427 Cl.
852 2393 1047 2426 Gronovius
1063 2392 1097 2422 in
1116 2389 1436 2428 Observationibus,
1454 2392 1490 2419 et

782 2449 861 2486 post
877 2445 971 2475 illum
991 2442 1150 2474 Bai-thius
1176 2441 1265 2472 curis
1293 2439 1489 2481 posteriori-

781 2496 863 2528 bus:
902 2496 956 2526 cui
986 2493 1215 2525 emendationi
1245 2491 1486 2532 castigatiores

782 2546 986 2577 membranae
1023 2543 1287 2583 adstipulantur.
1348 2542 1488 2572 Frustra

782 2596 959 2627 Claverins
977 2595 1111 2625 Conviva
1128 2596 1157 2623 et
1172 2592 1309 2623 domini.-
1332 2591 1420 2632 quod
1435 2600 1487 2620 se-

782 2654 881 2680 cutus
900 2653 1009 2677 tamen
1029 2643 1292 2685 Raphelengius.
1317 2643 1358 2672 D.
1374 2641 1487 2671 Heius.

825 2700 866 2728 82
891 2698 935 2727 Et
950 2695 1073 2737 patitur
1088 2693 1192 2733 miles]
1218 2692 1308 2725 Quid
1326 2691 1412 2722 enim
1433 2694 1485 2720 tot

781 2747 941 2786 numeris,
957 2750 1008 2776 tot
1031 2743 1218 2785 legionibus
1242 2742 1345 2781 inagis
1367 2740 1486 2771 adver-

783 2808 853 2829 sum
881 2802 916 2829 ct
941 2795 1112 2836 indignius
1138 2793 1203 2824 dici
1231 2791 1369 2832 poterit,
1384 2800 1485 2833 quam
