1763 3116
580 132 958 163 EPIGRAMMATA.

1395 123 1501 163 1719

710 336 832 378 LIV.

321 479 363 518 4.
397 476 627 533 Descriptio
651 476 840 518 Armeno·
856 495 867 519 .·
901 476 1204 533 Fragmentum.

86 600 103 627 3
129 597 165 628 In
177 598 322 639 gurgite]
362 600 472 632 Quem
490 598 573 631 sacit
595 599 640 630 ibi
658 598 742 630 sons.

44 648 172 678 Plinius
185 649 344 680 Caecilius
361 650 509 681 lib-wli.
528 650 636 690 Epist.
649 652 678 680 8.

85 702 103 729 cl
130 699 189 730 I'ia
219 703 288 730 cota
311 700 399 740 Jovi]
437 701 570 731 Votivae
598 699 744 741 pecudes

42 748 89 780 ibi
109 750 199 788 lotae,
217 755 357 790 propter
372 751 590 789 miraculum;
615 750 745 782 fiebant

43 802 130 831 enim
148 801 234 831 albae
251 802 384 832 exinde.
411 803 526 833 Barth.

84 855 102 881 5
129 852 201 882 Non
226 851 319 891 tales]
354 853 432 884 Jovi
455 853 520 892 ipsi
550 853 582 883 in
611 857 741 883 taurum

41 904 171 933 mutato
189 902 337 941 speciem
364 902 414 932 sui
440 902 584 932 armenti
602 900 743 942 praefert

42 951 164 982 Poeta.
189 951 285 981 Idem.

85 1001 156 1032 Non
173 999 263 1039 tales]
289 999 373 1030 Talis
385 1009 460 1030 cnm
479 1000 624 1040 scriptis.
639 1005 741 1040 atque

42 1052 89 1082 ita
103 1050 261 1081 Bartliius
276 1060 422 1091 quoque.
467 1050 577 1080 Versu
591 1049 742 1081 secundo

42 1102 153 1134 malim
182 1102 351 1141 tergemino
376 1102 536 1141 Gerionoe,
560 1112 659 1143 quam
679 1102 742 1142 Ge-

40 1154 144 1188 rioni‚·
167 1153 215 1183 sic
239 1152 326 1183 enim
341 1152 569 1193 loquebantur
585 1157 740 1183 veteres:

42 1203 131 1244 apud
149 1203 324 1234 Maronem
342 1202 375 1232 in
389 1202 526 1242 optimis
541 1202 743 1232 membranis

45 1254 221 1293 Tergemini
236 1263 306 1284 nece
323 1253 481 1284 Gerionoe,
504 1253 548 1284 D.
565 1252 685 1284 Heius.

84 1308 103 1334 ὓ
128 1304 278 1343 Rei-emit]
303 1302 429 1334 Avexit
443 1303 569 1343 potius.
594 1303 710 1335 Barth.

81 1358 99 1385 7
127 1356 196 1386 Non
217 1355 369 1397 Cretaeus]
407 1353 535 1384 Fabula
558 1352 743 1393 Pasiphaes

41 1405 223 1437 formosum
250 1410 382 1436 taurum
410 1405 551 1435 amantis
584 1403 743 1443 intelligi-

42 1461 110 1487 tur.
136 1456 232 1486 Idem.

84 1509 104 1537 8
127 1506 255 1537 Similes
279 1505 401 1546 paverit
433 1506 489 1535 Ida
508 1504 612 1543 sams]
649 1504 745 1535 Feros

43 1556 306 1596 Rottendorphii
337 1555 459 1593 codex,
494 1560 528 1586 et
566 1555 743 1585 Palatinus

43 1617 117 1638 cum
141 1607 340 1645 Oiselian03
369 1606 513 1637 rectius:
554 1606 595 1636 de
619 1615 684 1646 quo
702 1605 744 1636 ad

43 1659 235 1690 Nasonem:
268 1657 397 1688 monuit
428 1661 463 1687 et
486 1656 656 1687 Bartliius.
695 1655 744 1686 D.

44 1709 158 1740 Heius.

88 1759 196 1801 Feros]
234 1759 309 1790 feri
327 1757 421 1797 tauri,
437 1757 531 1788 velut
551 1756 744 1797 speciatim,

43 1809 124 1841 licet
141 1810 263 1850 saepius
278 1810 360 1850 equi.
383 1808 504 1839 Barth.

86 1863 106 1891 9
131 1861 271 1892 Monstro
292 1861 410 1902 dzffisus
424 1859 457 1890 in
471 1857 573 1898 artus]
610 1857 663 1889 Sic
680 1858 744 1888 Ra-

44 1911 266 1951 phelengius;
296 1911 395 1950 vulgo
412 1909 567 1950 diffusus:
591 1918 675 1940 unus
702 1918 745 1939 ex

43 1961 167 1992 nostris
201 1960 362 1998 confusus:
390 1960 510 2000 reliqui
547 1959 745 1995 commissus;

45 2011 182 2052 optimc.
211 2010 360 2050 Epitlial.
384 2010 474 2041 Hon.
505 2011 513 2026 ‘
529 2010 605 2042 Qua
620 2009 744 2040 Pristis

45 2062 220 2093 commissa
238 2060 332 2092 viro!
361 2061 521 2092 Manilius
538 2060 598 2091 lib.
614 2069 636 2090 1.
661 2060 669 2076 ‘
686 2060 742 2090 du-

800 599 879 640 plici
910 599 1101 630 Centaurus
1129 598 1273 638 imagine
1291 596 1500 638 fulgetPars

798 650 952 689 hominis,
995 654 1091 690 tergo
1138 654 1258 689 pectus
1305 648 1500 680 commissus

799 700 948 741 equino!
974 700 1047 732 Lib.
1059 709 1099 731 11.
1115 700 1156 731 de
1174 699 1293 731 eodem
1304 699 1497 731 Centauro:

797 753 806 768 ‘
822 751 911 784 Quoi
928 752 1125 783 commissus
1143 751 1241 781 homo
1261 749 1335 790 est‚’
1362 754 1398 780 ut
1414 749 1501 780 bene

799 802 882 842 legit
922 802 1081 840 Scaliger.
1128 800 1352 832 Germanicus
1386 799 1503 830 Caesar

798 851 957 882 Arateis:
982 852 1092 882 ‘Sunt
1120 851 1223 881 ctiam
1244 849 1387 880 flammis
1414 858 1502 880 com—

799 902 890 933 missi
930 902 1088 932 immania
1115 901 1267 932 membra
1303 899 1501 931 Centauri:’

798 953 886 982 male
912 952 1013 991 vulgo
1033 952 1202 981 commissa.
1249 951 1304 981 Sic
1321 956 1354 981 et
1367 952 1376 967 ‘
1396 960 1501 991 equos

798 1000 989 1031 hominibus
1019 1000 1197 1039 implexos’
1224 1000 1413 1031 Centauros
1440 1000 1503 1030 Mi-

798 1050 917 1081 nucius
952 1049 1050 1080 Felix
1081 1048 1240 1079 Octavio.
1298 1048 1499 1079 Ausonius:

797 1101 805 1116 ‘
817 1100 876 1141 Sc)
886 1100 930 1130 lla
942 1098 1263 1140 triplex,commissa
1272 1098 1392 1137 tribus,
1405 1108 1503 1138 cane,

798 1151 942 1190 virgine,
958 1149 1075 1190 pisce.'
1119 1149 1241 1189 Virgil.
1266 1150 1275 1166 ‘
1291 1148 1502 1189 Delphinum

799 1201 925 1232 caudas
941 1206 1040 1232 utero
1054 1200 1228 1231 commissa
1244 1198 1422 1239 luporum.’
1435 1199 1503 1229 De-

799 1251 978 1291 prehendit
1015 1250 1174 1281 Barthius
1215 1258 1348 1290 quoque
1385 1258 1502 1280 veram

798 1303 1003 1343 scripturam
1020 1312 1062 1333 ex
1078 1302 1251 1333 Palatino.
1281 1302 1326 1333 D.
1344 1301 1457 1332 Heius.

843 1357 882 1384 10
909 1353 1058 1384 Condidit
1094 1361 1145 1382 ore
1191 1351 1280 1392 not-o]
1326 1352 1501 1382 Claverius

795 1404 936 1445 prodidit
960 1414 1002 1434 ex
1034 1403 1145 1434 veteri
1175 1403 1273 1434 libro.
1300 1402 1503 1434 confirmant

799 1456 941 1485 Lucens.
958 1458 994 1485 et
1011 1455 1138 1485 Lovan.
1155 1463 1195 1484 cx
1217 1453 1356 1484 nostris.
1388 1453 1498 1484 Miror

799 1514 860 1546 pro
875 1505 1013 1544 vulgata
1029 1504 1200 1544 scriptura
1225 1503 1403 1545 digladiari
1421 1504 1502 1534 Bar-

799 1556 918 1587 thium.
943 1556 1041 1585 Idem.

843 1607 906 1636 Ore
917 1605 1009 1644 novo]
1042 1604 1211 1635 Inusitata
1227 1603 1286 1634 illa
1301 1602 1411 1644 figura
1437 1603 1502 1633 Mi-

798 1657 943 1688 notauri.
967 1657 1084 1687 Barth.

843 1710 882 1738 12
907 1705 1105 1746 Portassent]
1123 1706 1215 1745 Lege
1225 1707 1414 1745 proestarent
1427 1713 1502 1735 cum

799 1757 947 1791 Claverii
964 1756 1094 1787 codice.
1119 1756 1164 1786 D.
1181 1755 1294 1786 Heius.

840 1808 1009 1838 Portam-ent
1027 1806 1141 1846 totum]
1170 1806 1319 1837 Omnino
1346 1814 1427 1836 vera
1451 1811 1502 1835 est

798 1859 966 1899 scriptura
978 1857 1240 1898 Cujacianorum
1250 1856 1414 1888 Codicum
1423 1866 1503 1895 praf-

798 1913 917 1941 starent
934 1913 1043 1940 totum.
1075 1908 1338 1939 Formositatem
1355 1908 1501 1938 armenti

800 1961 903 1991 talem
931 1959 1028 1999 facit,
1060 1964 1097 1990 ut
1127 1960 1229 1990 etiam
1260 1968 1303 1990 ex
1333 1957 1501 1998 Pasipha&

800 2009 977 2052 perfectus
1007 2010 1136 2040 Taurus
1170 2008 1329 2049 prodiens
1366 2008 1500 2038 minime

801 2062 956 2102 potuerit
973 2070 1046 2091 eam
1061 2069 1254 2101 exaequare.
1277 2059 1392 2090 Barth.

720 2277 801 2318 LV
809 2311 817 2319 .

553 2422 571 2432 μ

93 2532 256 2561 sosoma
280 2540 359 2561 vero
398 2530 429 2561 in
461 2532 665 2571 supellectili
687 2532 746 2564 foe-

48 2581 212 2611 minarum
229 2580 389 2622 alioquin,
401 2586 436 2612 et
452 2582 641 2621 generatim
657 2583 748 2624 quic-

50 2632 128 2672 quid
159 2631 199 2661 ad
226 2631 398 2670 lotionem,
428 2630 554 2671 fucum,
585 2637 643 2663 aut
667 2633 748 2664 talia

49 2686 194 2722 spectat,
217 2681 396 2722 designare
426 2681 591 2714 videntur.
644 2683 748 2716 Juve-

547 2435 588 2461 ο.
644 2421 805 2463 Concha
829 2422 1000 2463 Serenae.

801 2534 885 2565 nalis
899 2533 970 2565 Sat.
986 2541 1035 2564 Vt.
1054 2531 1095 2562 de
1117 2532 1304 2572 Imperiosa
1328 2536 1503 2562 matrona:

799 2585 808 2600 ‘
822 2585 965 2615 conchas
983 2589 1018 2615 et
1034 2588 1147 2615 castra
1173 2582 1299 2614 moveri
1326 2583 1439 2613 Nocte
1451 2581 1506 2619 ju-

802 2634 884 2665 bet!
930 2634 1031 2666 Unde
1056 2643 1154 2665 omne
1171 2633 1233 2664 lioc
1257 2642 1360 2674 genus
1376 2629 1503 2662 Veneri

802 2684 999 2716 dedicatum
1023 2694 1042 2715 a
1059 2683 1264 2714 nubentibus
1288 2680 1410 2722 puellis
1438 2688 1503 2710 tino
