1763 3116
341 195 392 226 ΙΝ
429 195 460 225 Ι.
489 193 625 224 CONS.
659 189 873 241 s'rlhgcfl.
908 188 1002 219 Ltss.
1036 190 1066 218 Ι.

25 290 200 330 Cernimus]
216 288 448 327 Decernimus,
461 286 677 325 arbitramur,

0 342 182 372 udicamus.
209 340 322 370 Barth.

23 395 61 422 91
91 392 197 422 Talem
212 390 322 429 quippe
342 387 456 428 virum]
492 387 552 417 Vis
568 387 678 425 singu-

0 442 57 472 1ris
75 442 106 471 in
130 441 178 470 his
194 439 313 476 verbis,
327 442 592 468 commonstrans
609 436 678 467 He-

0 492 73 523 o‘em
90 490 177 521 omui
196 490 285 519 vetut
303 487 507 528 posteritati.
535 488 633 517 Idem.

22 545 64 572 92
91 542 211 571 Blanda
234 539 358 579 periclis
375 537 466 577 Otia]
500 537 675 567 Catullus:

0 590 115 621 Otium
133 594 168 620 et
187 590 296 627 Reges
311 589 401 629 prius
416 593 450 618 ct
465 588 580 618 beatas
595 587 678 617 Per-

3 641 64 671 idit
81 639 204 671 urbes!
229 639 326 670 Perit
357 643 490 677 natura,
518 638 573 668 ubi
605 638 677 678 quis

2 690 38 722 tii
65 689 292 730 voluptatibus
316 689 476 728 vincitur,
505 688 553 719 ait
582 687 679 718 Euri-

0 740 87 771 ides.
112 740 209 771 Idem.

22 793 63 821 93
88 789 331 829 Lucissructus]
361 789 443 820 Vita
460 789 543 829 ipsa,
557 789 676 828 jucun-

0 841 139 871 tissimus
185 841 240 871 illc
270 839 400 870 fructus
435 840 519 870 lucis
557 839 678 869 vitalis.

0 892 78 921 dem.

22 944 62 971 9-1
87 939 207 978 Laude]
251 940 400 978 Virtute,
436 942 578 979 parente
607 939 679 968 lau-

6 999 71 1020 um.
96 989 193 1020 Idem.

22 1039 145 1080 Mysos]
168 1039 323 1069 Thraciae
341 1042 487 1078 gentem.
512 1038 608 1067 Idem.

23 1090 130 1130 Mysos
144 1090 307 1129 Reppulit]
330 1089 398 1120 Hic
417 1089 509 1119 locus
524 1088 605 1119 satis
622 1087 678 1118 ob-

0 1150 114 1172 curus:
151 1145 286 1171 constat
314 1140 403 1170 enim
437 1139 551 1179 Mysos
575 1137 679 1169 fuisse

0 1190 128 1222 ubditos
158 1191 310 1221 Orientis
336 1190 422 1230 Imp.
444 1194 479 1219 et
496 1189 617 1219 misere
634 1188 680 1218 af-

0 1241 91 1271 iictos
108 1250 126 1271 a
142 1241 261 1272 Getis:
290 1250 392 1281 quare
408 1240 603 1271 Stilichonis
616 1240 681 1269 vir-

0 1296 55 1322 ute
100 1291 242 1321 bostium
279 1291 415 1322 incursu
451 1295 485 1321 et
514 1292 680 1331 populatu

0 1341 131 1380 iberati,
147 1350 211 1371 uon
228 1347 365 1381 possunt
382 1341 528 1371 bostium
542 1350 680 1371 numero

0 1392 109 1422 iaberi.
153 1392 207 1421 Sic
224 1391 325 1430 igitur
339 1391 556 1430 interpretari
573 1390 680 1420 libet:

0 1441 68 1474 Quis
84 1441 171 1471 euim
189 1441 306 1480 Mysos
323 1439 469 1476 feroces,
487 1439 520 1469 id
537 1444 600 1477 est,
616 1439 683 1469 ani-

0 1501 105 1530 uosos,
121 1491 283 1530 reppulit,
300 1489 465 1520 excitavit
481 1498 541 1518 suo
558 1489 682 1518 adven-

2 1551 34 1580 ιι,
46 1541 77 1571 in
90 1541 242 1580 plaustra,
260 1539 292 1569 id
308 1543 370 1577 cst,
386 1538 419 1568 in
437 1537 564 1568 Getas?
579 1539 587 1554 ‘
602 1547 682 1577 quo-

2 1601 55 1622 um
71 1592 224 1631 plaustra
239 1599 340 1629 vagas
366 1590 431 1619 rite
460 1588 597 1618 trahunt
625 1589 681 1618 do-

0 1641 77 1680 nos‚'
94 1646 131 1672 ut
146 1641 195 1671 ait
208 1641 331 1672 Horat.
380 1640 502 1670 Clurer.

26 1694 134 1734 Mysos
161 1694 195 1723 in
219 1694 358 1733 plaustra
376 1691 512 1731 feroces]
537 1691 683 1722 Lucens.

0 1745 80 1776 irim.
97 1745 207 1775 vatic.
227 1749 262 1774 et
278 1743 373 1773 multi
391 1742 458 1779 alii,
482 1741 590 1772 Visos.-
619 1741 683 1772 for-

2 1805 42 1826 an
60 1799 163 1827 recte.
208 1793 310 1834 Apud
322 1792 494 1823 Sidonium
510 1791 683 1831 Panes-tyr,

0 1846 155 1887 =Iajorani
171 1845 241 1876 Vesi
253 1848 331 1875 sunt
344 1854 350 1874 z
364 1843 442 1873 binc
456 1847 492 1872 et
507 1841 684 1879 long-ocum

0 1895 118 1937 {uidam
134 1894 253 1934 scripti
271 1894 365 1924 Nisos
382 1893 434 1923 vel
450 1892 567 1923 misso&
614 1891 683 1922 Pro

0 1947 125 1978 'romoti
141 1946 242 1977 etiam
265 1944 417 1984 Proponti
436 1944 525 1974 male
550 1942 684 1983 legeba-

2 2007 40 2028 ιιι·
53 1998 175 2037 vulgo3
197 1995 286 2037 quod
314 1995 368 2026 alii
380 1995 453 2035 jam
470 1998 684 2024 monuerunt.

0 2050 30 2079 9.
49 2048 161 2079 Heius.

28 2102 68 2129 95
95 2098 235 2128 Promoti
263 2098 342 2128 coede
367 2097 531 2137 tumentes]
553 2096 683 2126 Ducem

0 2148 204 2180 'ortissimum
232 2149 427 2178 Promotum
456 2147 533 2178 dolo
561 2147 603 2177 ab
619 2147 685 2176 Ru-

0 2200 64 2241 ino,
94 2201 252 2232 Barbaris
280 2200 448 2237 immissis,
465 2198 686 2236 trucidatum,

0 2255 150 2282 nemorat
165 2250 328 2289 Zosimus,
344 2249 401 2280 lib.
419 2258 464 2281 xv.
482 2250 566 2281 Quae
584 2249 686 2280 histo-

0 2301 35 2332 ·ia
51 2301 103 2332 hic
117 2301 276 2341 tangitur.
300 2300 415 2331 Barth.

27 2354 70 2382 96
97 2352 167 2383 Una
210 2350 317 2390 ruina]
375 2351 497 2391 Pugna
537 2348 687 2390 capitali.

0 2401 88 2433 idem.

31 2454 71 2483 9⁷
97 2453 251 2483 Pallantis
256 2450 418 2490 jugulum]
460 2450 620 2481 Tumulum
637 2458 687 2479 sc-

0 2501 117 2533 ?iindus
133 2503 330 2533 Vaticanus.
357 2501 401 2532 D.
418 2501 529 2531 Heius.

33 2554 74 2581 98
100 2551 283 2592 'Proctusque
304 2551 382 2582 rotis
406 2550 569 2581 ultricibus
604 2549 689 2579 IIec-

0 2600 54 2640 or]
77 2601 139 2631 Vei
155 2602 338 2632 vindictam
354 2602 405 2631 vel
418 2606 582 2641 quaestum
596 2609 689 2629 caus-

0 2659 62 2681 ;am
77 2649 179 2680 fuisse
198 2651 357 2681 Hectoris
383 2651 484 2681 tracti
512 2654 665 2680 autumat
681 2659 688 2678 z

0 2709 114 2731 §avens
147 2700 239 2730 velut
265 2700 434 2739 judicium
472 2702 690 2739 interponere

0 2750 43 2782 ¹iti
62 2755 128 2782 tam
144 2749 249 2780 dura‘.
283 2749 471 2780 Accusatur
484 2751 573 2781 cuim
592 2749 690 2788 hujus

79 2803 192 2843 Delph.
206 2805 236 2833 et
257 2801 330 2834 Vur.
352 2802 437 2835 Clas.

652 2802 764 2833 Claud.

1317 178 1429 218 1505

728 283 983 315 nundinationis
1012 282 1123 321 gratia
1138 280 1301 317 Achilles,
1323 290 1341 310 a
1372 291 1429 313 no-

728 334 901 364 bilissimis
929 332 1161 373 scriptoribus,
1183 332 1237 361 vel
1264 331 1430 362 Homerus

729 385 854 424 potius,
870 388 983 414 tantus
1001 383 1060 413 viri
1076 391 1201 422 praeco.
1226 381 1344 412 Barth.

772 436 833 465 100
861 432 993 472 Vesano]
1039 431 1095 463 Ob
1136 430 1331 461 indecorem
1367 431 1432 461 ira-

729 485 898 523 cundiam,
938 484 1036 524 cujus
1080 487 1219 514 notatur
1270 481 1431 514 Achilles.

729 536 826 566 Idem.

773 589 832 616 101
861 584 997 624 Funera]
1021 585 1208 616 Cadavera.

776 635 910 674 Vanum]
922 635 987 666 Ubi
1002 635 1148 674 spatium
1163 643 1227 663 non
1242 638 1302 664 est.
1318 632 1434 664 Barth.

773 688 834 715 102
861 685 989 715 Turmus
1013 683 1164 724 equitum]
1188 683 1263 713 Hoc
1289 687 1353 721 est,
1376 694 1432 712 τα-

729 734 853 777 ράσσειν
866 735 941 766 ὅλας
954 734 1137 774 φάλαγγας.
1165 733 1220 764 Sic
1234 733 1267 763 iu
1286 733 1432 763 tumulos

730 792 892 826 mactare,
903 792 953 817 est
965 791 1145 826 parentare
1158 784 1316 824 Papinio,
1329 784 1385 815 lib.
1400 793 1435 815 v.

730 840 803 868 (575.
850 837 999 874 Τιιιίιιιιι,
1016 836 1165 876 equitum
1183 835 1314 874 agmina
1331 844 1434 874 pecu·

732 887 804 917 liuri
820 885 1023 926 significatu.
1055 887 1151 916 Idem.

775 939 835 966 103
859 935 978 974 Amici]
995 935 1084 965 Socii
1103 934 1191 964 enim
1207 935 1334 974 Duces,
1350 935 1435 965 Pro-

731 990 842 1015 motus
856 985 1054 1015 etStiiicho.
1080 985 1175 1014 Idem.

775 1037 834 1064 105
861 1033 1085 1072 fabricataque
1101 1032 1335 1072 ratibusarma]
1360 1033 1436 1063 Ele-

731 1084 938 1126 gantissime.
983 1084 1060 1114 Non
1099 1083 1187 1113 euim
1212 1082 1350 1112 fuerunt
1380 1093 1438 1113 un-

731 1144 830 1175 quam
845 1134 946 1165 taiia:
963 1132 1142 1163 dicendum
1156 1131 1438 1169 fueratfabricato

731 1186 806 1216 Diis
822 1189 876 1216 aut
894 1185 1086 1225 Cyclopibus.
1117 1184 1227 1214 Idem.

775 1239 835 1267 107
859 1235 1068 1275 Jamprz'dem]
1109 1235 1225 1274 Longe
1241 1233 1343 1264 etiam
1356 1237 1437 1264 ante

731 1286 884 1318 Valentis
903 1289 1067 1326 tempora.
1092 1285 1189 1315 Idem.

776 1339 837 1367 103
863 1335 1026 1375 Conclusa]
1062 1336 1107 1366 Et
1143 1334 1291 1373 dimissa,
1317 1333 1440 1375 adjicit

735 1386 889 1416 Orosius.
935 1385 1019 1415 Eum
1056 1395 1132 1415 cum
1174 1385 1310 1415 Zosimo
1348 1385 1439 1424 lege.

736 1436 832 1465 Idem.

782 1488 842 1515 100
868 1485 980 1515 Necte
1002 1484 1170 1514 terrisonus
1194 1483 1327 1522 stridor]
1365 1484 1440 1513 Ma-

735 1534 794 1564 lim
827 1533 1003 1571 ferrisonus
1024 1544 1033 1563 :
1073 1538 1109 1563 ut
1145 1533 1302 1563 oerisonns.
1355 1532 1440 1562 Mox

739 1584 917 1614 (summ-um
943 1593 1018 1614 cum
1055 1582 1200 1612 Luceusi
1231 1586 1266 1612 ct
1297 1581 1440 1621 Gyrald.

736 1635 821 1666 libro
848 1634 1031 1674 legendum
1064 1642 1123 1674 pro
1156 1632 1343 1663 Hunnorum
1371 1632 1442 1663 disi

735 1694 847 1725 supra.
872 1685 915 1715 D.
935 1684 1044 1714 Heius.

784 1735 943 1766 venientis
956 1733 1065 1773 Alani]
1103 1734 1345 1773 Repraesentat
1366 1732 1443 1763 stri-

736 1785 853 1816 dorem
879 1795 954 1815 cum
982 1790 1073 1814 metu
1096 1784 1169 1824 ipso
1196 1783 1314 1823 procul
1333 1782 1445 1822 ingru-

736 1835 826 1866 entis
865 1835 1066 1866 atrocissimi
1101 1834 1219 1866 hostis.
1266 1834 1444 1873 Empliasis

737 1886 854 1925 ingens
884 1886 916 1915 iu
940 1895 1024 1916 voce
1046 1885 1206 1915 venientis.
1253 1884 1310 1914 De
1326 1883 1443 1914 Alanis

737 1936 814 1966 vide
848 1935 1049 1974 Josephum,
1081 1934 1139 1965 lib.
1176 1943 1240 1964 1⁷11.
1277 1933 1440 1964 Excidit:

736 1990 745 2005 ⁴
760 1988 826 2020 Qui
839 1987 1015 2017 mirificam
1031 1996 1146 2017 corum
1162 1985 1329 2026 pugnandi
1345 1986 1447 2016 ratio-

736 2048 811 2068 nem
828 2037 932 2068 tradit
948 2037 968 2074 ς’
992 2037 1109 2076 procul
1125 2036 1233 2066 missis
1257 2036 1289 2065 iu
1307 2035 1379 2066 acie
1396 2035 1444 2064 la-

737 2089 832 2129 queis
846 2088 979 2118 trahere
997 2087 1132 2124 bostes3
1165 2087 1214 2117 uti
1242 2095 1328 2126 pene
1346 2094 1444 2125 cepe-

737 2144 814 2170 rant
850 2138 1029 2169 Tiridaten
1062 2139 1202 2177 Regem,
1242 2146 1330 2176 aegre
1363 2135 1444 2176 fuga

738 2193 902 2232 elapsum,
915 2191 997 2222 fune
1012 2191 1130 2221 inciso.
1154 2190 1269 2220 Barth.

782 2246 843 2274 110
867 2243 961 2274 Falce
976 2243 1128 2282 Gelonus]
1160 2241 1300 2271 Falcato
1317 2238 1444 2280 gladio,

740 2292 770 2323 ei
788 2293 881 2334 genti
900 2293 1036 2323 usitato.
1063 2293 1162 2322 Idem.

784 2346 844 2374 111
870 2344 1016 2373 Sarmata
1029 2342 1132 2381 conto]
1169 2342 1207 2372 111
1224 2339 1360 2380 Papinii
1376 2348 1444 2369 mo-

739 2393 783 2425 do
800 2393 980 2433 adscriptis
998 2394 1128 2433 pariter
1145 2393 1288 2432 legimus
1305 2400 1362 2430 quo
1380 2393 1444 2420 tur-

740 2445 809 2475 bine
826 2448 947 2475 contum
963 2444 1172 2474 Sauromates.
1197 2443 1306 2473 Idem.

784 2497 844 2526 113
873 2495 1018 2525 Occultus
1030 2493 1187 2533 proditor]
1221 2491 1381 2523 Rufinum
1401 2490 1447 2520 di-

741 2545 799 2576 cit.
846 2545 967 2575 Potest
1007 2549 1120 2574 tamen
1158 2548 1195 2573 ut
1233 2543 1446 2579 intelligatur

741 2596 844 2625 ctiam
859 2595 1026 2625 occuitior
1042 2594 1149 2624 alius:
1176 2598 1214 2624 ut
1238 2592 1331 2622 mirae
1355 2598 1447 2620 teuc-

742 2646 813 2677 brae
831 2651 908 2676 sunt
926 2646 959 2676 in
976 2644 1128 2685 personis
1140 2643 1240 2683 hujus
1252 2642 1326 2673 aevi.

785 2696 952 2737 Proditor]
976 2694 1140 2726 Rufinus:
1174 2693 1215 2724 de
1242 2700 1308 2732 quo
1335 2695 1446 2727 supra.

745 2748 860 2780 Barth.

1290 2796 1307 2823 5
1331 2792 1358 2823 C
