1763 3116
299 152 361 182 DE
395 149 558 181 RAPTU

76 245 127 276 dit
143 245 328 276 Claverius.
373 241 626 275 Mansnefactos
639 239 773 270 Diome-

76 295 127 326 dis
157 305 260 336 equos
291 295 438 335 gramine
464 292 558 332 pavit
595 289 774 327 Hercules,

76 345 133 385 qui
166 345 327 380 sanguine
367 348 402 374 et
433 340 586 372 humanis
616 339 773 370 carnibus

76 400 154 425 ante
172 395 409 434 pascebantur.
457 391 509 421 Ita
525 390 651 421 Bacchi
670 390 772 429 tigres

76 444 260 474 introducit
279 443 420 481 Statius,
438 441 542 472 Theb.
562 449 628 471 xn.
666 441 674 456 ‘
690 440 772 470 San-

75 495 180 532 guinis
207 495 329 523 oblitas
358 498 462 533 atque
489 492 608 522 Indum
633 501 771 531 gramen

75 545 227 575 olentes:
252 544 360 575 Video
377 555 395 574 a
409 544 548 574 Barthio
565 552 678 572 veram
695 551 774 582 quo-

72 604 136 634 que
153 595 356 634 scripturam
374 595 463 625 curis
480 594 638 624 secundis
654 593 772 632 depre-

72 645 207 675 hensam
238 655 321 676 esse.
368 645 573 676 Gebhardus
606 645 772 674 Diomeden

71 696 231 733 sanguine,
248 701 283 725 ut
301 696 371 735 ipse
397 695 582 726 Diomedes
599 695 694 735 equis
707 695 773 724 suis

71 744 228 784 objectus
241 745 455 783 designetur3
472 744 530 775 sed
544 754 657 774 veram
669 744 773 783 serip-

74 800 181 825 turam
200 805 258 825 uos
276 796 498 825 exhibuimus.
524 796 566 825 Ι).
586 795 697 825 Heius.

115 845 307 875 Diomedoeos
321 845 471 880 sanguine
483 845 569 883 parit
585 844 689 883 equus]
706 843 773 873 Alii

72 895 137 934 leg.
170 896 364 926 Diomedaeos
390 896 535 933 gramine
558 895 645 934 parit
675 904 775 933 equos-

72 945 158 975 Nam
174 945 331 974 adsuetos
349 951 427 974 ante
445 943 612 973 hominum
631 942 774 972 cadave-

72 995 162 1026 ribus
190 996 297 1035 pasci,
322 995 413 1025 vivos
438 995 540 1025 etiam
570 1003 630 1033 pro
648 993 773 1033 pabulo

71 1045 208 1083 babere,
224 1045 307 1076 dicit
325 1045 366 1075 ab
384 1045 536 1075 Hercule
564 1044 722 1074 redactos
739 1043 772 1073 in

72 1101 204 1136 pastum
237 1095 406 1136 equinum,
435 1094 577 1135 gramini
616 1093 772 1124 nimirum

71 1147 253 1179 vescendo.
279 1147 396 1178 Barth.

116 1200 155 1228 14
183 1197 325 1227 Desuetoe
355 1197 483 1237 repetit]
519 1198 659 1236 Reparut
688 1197 770 1227 Isiu-

71 1246 156 1287 grin.
173 1246 321 1277 rectius:
349 1253 386 1278 ut
404 1247 533 1278 dietum
553 1246 641 1277 bello
657 1246 771 1276 Getice.

73 1299 146 1327 438.
171 1297 212 1327 D.
231 1296 344 1327 Heius.

117 1350 154 1377 15
183 1348 225 1377 Et
243 1347 356 1377 resides
382 1346 458 1386 leni]
488 1346 575 1377 Lceri
603 1346 710 1376 Aldus
739 1350 773 1376 et

74 1397 115 1427 ad
143 1398 285 1428 Statium
314 1398 521 1435 Gronovius,
548 1407 576 1428 c.
594 1400 624 1427 9.
649 1397 705 1437 qui
724 1407 773 1427 se-

73 1453 232 1487 quentem
265 1448 364 1477 etiam
399 1457 530 1478 versum
561 1448 658 1486 legit,
692 1452 728 1477 ut
755 1457 774 1476 a

71 1496 168 1527 nobis
186 1506 366 1536 expressus
382 1501 446 1532 est,
463 1501 498 1526 et
515 1496 546 1525 in
569 1496 772 1526 membranis

72 1547 365 1586 praestantioribus
407 1546 599 1576 exhibetur.
663 1546 773 1580 Vulgo

61 1597 178 1634 festivo
194 1602 228 1627 et
243 1597 352 1628 nobile.
388 1596 571 1627 Petronius
588 1607 595 1626 ;
629 1597 637 1612 ‘
655 1597 775 1627 Calcu-

71 1647 123 1678 lus
153 1647 186 1677 in
219 1647 333 1678 tabula
371 1647 492 1677 mobile
530 1647 625 1677 ducit
668 1646 773 1687 opus.’

72 1698 172 1728 Idem.

117 1751 155 1779 17
186 1748 278 1778 Venti
303 1751 484 1779 sternuntur
499 1751 527 1778 ct
545 1747 648 1788 undoe]
685 1748 773 1778 Frae-

73 1802 186 1830 uantur
217 1799 334 1838 scripti
363 1798 434 1829 fere
460 1808 575 1829 omnes
604 1808 680 1829 cum
705 1799 772 1830 Ra-

74 1849 253 1889 phelengio
270 1860 277 1887 ;
304 1849 422 1889 probe,
444 1848 602 1890 quicquid
620 1848 773 1880 oblucte-

74 1905 128 1931 tur
145 1900 195 1930 vir
212 1900 343 1930 doctus.
377 1899 541 1939 Respexit
558 1899 636 1930 illa:
662 1901 669 1920 ‘
690 1901 774 1930 Luc-

74 1955 186 1981 tantes
212 1956 330 1980 ventos
358 1955 646 1990 tempestatesque
677 1960 774 1981 sono-

74 2010 127 2031 ras
144 2001 291 2040 Imperio
316 2001 452 2040 premit,
466 2010 505 2030 ac
523 2001 640 2030 vinclis
655 2005 689 2031 et
705 2010 775 2031 car-

75 2059 154 2081 cere
184 2050 329 2080 fraenat)
374 2050 442 2081 Sed
474 2056 509 2080 et
545 2050 625 2080 alibi
657 2051 770 2080 idem:

73 2105 82 2118 ⁵
96 2102 206 2142 glacie
220 2112 338 2132 cursus
353 2101 707 2141 fraenaretaquarum.'
724 2101 774 2132 Id.

118 2156 158 2184 18
185 2153 314 2191 pigrior
341 2152 516 2192 adstrictis]
554 2151 699 2190 Adfectis
732 2161 774 2182 ex

75 2203 182 2234 veteri
211 2203 362 2233 editione
386 2203 572 2240 Claverius,
588 2212 686 2242 quam
711 2211 775 2241 ego

75 2253 210 2294 quidem
228 2264 301 2294 quae
320 2254 364 2284 sit
377 2253 512 2291 nescio;
530 2253 590 2283 hoc
609 2253 690 2291 scio,
708 2253 777 2283 vul-

75 2309 184 2344 gatam
207 2304 387 2334 lectionem
406 2313 471 2333 non
488 2312 562 2333 esse
590 2303 776 2334 sollicitan-

76 2353 164 2385 dam.
211 2353 376 2394 Apposite
401 2345 629 2385 'Germanicus
661 2354 776 2385 Coesar

77 2403 111 2433 in
139 2403 409 2443 Epigrammate:
448 2404 457 2420 ‘
473 2404 584 2434 Thrax
611 2413 695 2444 puer
720 2403 777 2434 ad-

78 2453 197 2484 stricto
225 2454 332 2493 glacie
349 2453 427 2484 dum
458 2454 545 2484 ludit
573 2454 605 2483 in
634 2454 776 2485 Hebro!

79 2502 239 2533 Ovidius:
277 2505 286 2520 ‘
303 2504 348 2534 Et
363 2504 432 2535 coit
459 2504 629 2534 adstrictis
657 2504 775 2534 barba-

80 2565 135 2585 rus
152 2554 240 2585 Ister
256 2555 370 2595 aquis¹
406 2556 552 2586 Rutilius
569 2556 748 2586 Itinerario
767 2568 773 2587 :

78 2611 86 2623 ⁶
105 2605 210 2645 glaeie
225 2605 312 2644 riget
326 2605 480 2635 horridus
496 2605 594 2642 Ister,
610 2605 775 2635 Grandia-

78 2664 143 2696 que
165 2654 329 2685 adstricto
345 2653 480 2684 flumine
498 2655 651 2694 plaustra
664 2655 777 2686 vehit.'

594 145 825 177 PROSERP.
860 145 955 174 LlB.
989 144 1041 174 Π.
1076 144 1296 174 PRAEFA'P.

1414 134 1526 175 1645

825 240 992 278 Lucanus,
1009 239 1066 271 lib.
1084 249 1106 269 r.
1150 239 1160 256 ‘
1180 239 1223 269 Et
1248 248 1314 279 qua
1340 238 1458 270 bruma
1485 240 1526 271 ri-

823 299 905 329 gens
923 299 961 320 ae
975 290 1089 320 nescia
1098 299 1174 319 vere
1192 289 1319 319 remitti
1333 288 1527 329 Adstringit

821 340 1017 380 Scythicum
1048 340 1185 379 glaciali
1213 339 1338 379 frigore
1364 341 1526 378 poutmn.’

824 389 898 419 Lib.
913 399 946 420 v.
978 392 986 406 ‘
1000 389 1054 420 Sic
1075 395 1143 420 stat
1168 389 1255 420 iners
1276 389 1455 429 Scythicas
1471 390 1527 420 ad-

821 439 992 478 stringens
1020 440 1190 479 Bosporos
1208 439 1338 469 undas)
1385 439 1525 476 Statius,

822 489 988 521 Theb.1x.
1011 490 1020 506 ‘
1039 490 1197 520 Protinus
1221 489 1402 520 adstrictos
1420 488 1524 519 didici

824 544 959 578 reptare
983 550 1042 580 per
1061 540 1199 571 anmes.'
1247 542 1361 572 Quare
1388 549 1463 570 cum
1495 539 1528 569 in

823 589 1018 620 Hexamero
1035 591 1212 621 Dracontii
1230 591 1388 629 legatur:
1421 590 1430 607 ‘
1447 590 1525 620 Non

825 641 950 679 glacies
963 640 1119 671 districta
1135 640 1259 678 darunt,
1274 650 1338 670 non
1354 639 1527 679 grandinis

825 691 944 730 ictus3’
981 693 1101 732 opinor
1144 692 1337 731 legendum,
1366 691 1528 721 adstricta.

826 742 930 780 Naso,
958 742 1044 773 Met.
1069 743 1091 773 l.
1116 752 1138 772 1.
1179 746 1187 759 ‘
1208 742 1316 772 ventis
1332 741 1456 780 glacies
1473 740 1530 770 ad-

825 792 945 822 stricta
963 791 1148 831 pependit)
1201 791 1368 821 Tristium
1400 791 1458 822 lib.
1487 798 1527 821 ῐῐ.

827 844 835 858 ‘
856 842 1001 880 Longius
1026 843 1088 872 hae
1115 842 1194 872 nihil
1213 846 1277 879 est,
1304 842 1364 871 nisi
1397 846 1527 872 tantum

826 892 929 931 frigus
956 898 991 922 et
1013 893 1130 930 hostis,
1159 893 1201 922 Et
1230 893 1330 922 maris
1361 892 1529 922 adstricto

825 952 900 981 quae
919 942 987 972 coit
1004 942 1091 972 unda
1109 943 1184 981 gelu
1199 942 1217 972 :’
1235 943 1283 972 sic
1300 947 1334 972 et
1350 943 1416 972 alii.
1444 943 1530 973 Nos-

826 997 877 1021 ter
893 992 980 1022 bello
995 993 1131 1030 Getico,
1145 994 1153 1009 ‘
1168 992 1332 1023 flaventes
1344 993 1529 1033 adstringit

824 1042 919 1072 stiria
949 1042 1062 1073 setas!
1115 1043 1280 1082 Sequenti
1312 1053 1410 1073 versu
1438 1053 1530 1083 rupes

824 1101 889 1122 non
906 1097 1022 1123 montes
1037 1102 1113 1123 cum
1130 1093 1264 1132 scriptis
1282 1091 1352 1122 fere
1374 1093 1528 1123 omnibus

824 1144 1017 1183 legendum.
1066 1143 1171 1174 Paulo
1190 1148 1264 1182 post
1290 1143 1375 1172 male
1394 1143 1528 1182 Raphe-

824 1195 955 1234 lengius
987 1203 1063 1224 cum
1092 1193 1294 1223 membranis
1326 1192 1527 1233 quibusdam

827 1244 1031 1284 Cirrhoez'que.
1058 1244 1216 1275 Cirrhoeas
1227 1247 1310 1274 artes
1323 1248 1457 1273 cantum
1474 1253 1529 1273 vo-

826 1300 891 1326 cat.
937 1295 1031 1325 Idem
1049 1305 1125 1325 mox
1143 1295 1227 1325 bene
1257 1298 1326 1324 acta
1352 1294 1459 1329 renit;
1494 1298 1529 1324 et

825 1344 1028 1375 confirmant
1039 1351 1190 1374 veteres:
1212 1345 1310 1382 vulgo
1320 1346 1402 1382 apta.
1421 1343 1528 1373 Idem.

868 1394 1052 1434 Adstrictis]
1076 1393 1320 1424 Admiratione.
1346 1393 1462 1423 Barth.

869 1448 909 1475 22
937 1445 1034 1474 Pinus
1057 1444 1172 1482 amica]
1209 1443 1361 1476 Quercui
1388 1443 1529 1474 amicam

826 1494 907 1525 dicit
925 1495 1038 1534 pinum
1061 1495 1262 1531 silvestrem,
1291 1497 1434 1532 propter
1450 1502 1529 1523 con-

825 1545 989 1575 ditionem
1017 1545 1159 1574 eandem
1187 1544 1361 1583 utriusque
1388 1543 1529 1581 arboris,

825 1594 955 1625 scilicet
995 1594 1074 1634 quia
1115 1598 1233 1623 neutra
1274 1593 1400 1623 amittit
1435 1592 1528 1623 folia.

826 1647 928 1677 Idem.

867 1699 908 1726 23
934 1695 1125 1735 Despexerit
1140 1694 1237 1734 artes]
1275 1695 1421 1733 Daphne,
1439 1699 1530 1725 aute-

825 1756 924 1787 quam
941 1747 1034 1776 lauru
1053 1745 1168 1785 puella
1185 1750 1384 1774 mutaretur.
1410 1745 1507 1774 Idem.

867 1800 909 1828 29
932 1797 1030 1828 Actus
1042 1795 1205 1835 Herculis]
1231 1796 1337 1826 Gesta
1351 1794 1530 1835 magnifica

825 1853 860 1879 et
878 1848 1036 1878 Heu-oica.
1061 1847 1158 1877 Idem.

869 1902 907 1930 31
936 1895 1258 1934 (›sten‹1eritang·ms]
1293 1896 1412 1925 Malim
1431 1899 1531 1925 osten-

824 1950 906 1981 deris
922 1954 957 1980 et
973 1950 1102 1984 riseris;
1134 1954 1170 1978 ut
1187 1948 1264 1977 hinc
1282 1946 1427 1986 incipiat
1449 1955 1528 1985 apo-

827 2001 964 2041 strophe
983 2000 1024 2030 ad
1044 1999 1241 2030 Herculem.
1267 1999 1310 2028 D.
1329 1998 1441 2028 Heius.

869 2055 909 2083 32
937 2052 1016 2082 Fero
1034 2051 1139 2080 riserit
1155 2059 1205 2079 ore
1218 2048 1309 2088 puer]
1335 2048 1430 2078 Feros
1447 2049 1530 2078 Bar-

827 2103 936 2134 thius:
961 2111 1090 2141 angues
1110 2100 1283 2130 videlicet.
1310 2100 1405 2129 Idem.

869 2153 949 2183 Fero
976 2152 1042 2191 ore]
1080 2150 1233 2181 Scribam
1255 2149 1366 2186 feros;
1403 2157 1529 2189 angues

824 2203 996 2233 videlicet.
1030 2202 1144 2232 Barth.

870 2256 909 2283 35
936 2251 1121 2291 Rediturus]
1143 2251 1282 2281 Venisse
1297 2250 1384 2280 enim
1398 2259 1416 2280 e
1434 2249 1530 2279 Luna

826 2302 1043 2342 praecipitem
1074 2301 1108 2331 in
1136 2307 1246 2332 terras
1278 2301 1365 2331 hunc
1396 2301 1530 2330 leonem

826 2352 1078 2383 fabulabantur.
1104 2352 1200 2382 Idem.

869 2403 931 2433 Leo
955 2401 1126 2441 rediturus]
1159 2401 1304 2434 Quidam
1332 2401 1381 2431 vir
1409 2401 1529 2431 doctus

829 2454 1018 2484 Rediturum
1045 2453 1110 2483 dici
1134 2457 1231 2491 putat
1258 2462 1318 2492 pro
1343 2454 1471 2489 iturum,
1492 2455 1529 2480 ut
1573 2456 1577 2457 ⁷

828 2504 872 2534 sit
909 2503 1135 2543 compositum
1182 2512 1242 2542 pro
1272 2502 1439 2540 simplici:
1479 2500 1528 2529 sic

826 2554 916 2594 apud
947 2553 1092 2584 Statium
1115 2555 1275 2591 regemunt
1302 2561 1364 2591 pro
1387 2552 1527 2590 gemunt.

828 2605 964 2635 Claver.

870 2658 912 2685 ³9
936 2653 1073 2693 Dejicis]
1114 2653 1277 2693 Magnum
1307 2661 1391 2691 opus
1423 2647 1528 2679 infert
