1859 3148
342 154 456 199 '1666
534 161 675 193 NoTAE
711 153 972 188 VARlORUM
1007 152 1057 184 ιΝ

344 262 380 289 et
405 266 445 288 eo
474 256 579 287 verbo
609 254 651 285 de
679 251 815 284 somniis
846 247 1041 279 Macrobius

346 318 449 348 saepe.
495 307 662 346 Coi-ippus
691 301 890 333 Africanus:
924 298 1041 328 ‘Tem-

346 367 428 399 pore
457 366 521 397 quo
561 355 693 385 dulcem
733 361 798 381 nox
836 350 1042 388 intempesta

346 408 491 449 quietem
520 403 670 443 Ingerit?
706 401 831 431 Statius
854 398 962 429 Theb.
979 406 1042 429 vn.

346 457 402 487 ubi
429 456 470 485 de
502 458 621 484 nocte:
657 451 665 467 ‘
681 449 866 481 bacchatur
891 447 1043 488 utrisque

345 507 527 546 Tisiphone
551 501 682 532 castris.
710 500 849 531 fratrem
876 498 953 529 huic
980 497 1044 528 fra·

347 562 432 588 trem
451 553 573 592 ingerit
591 551 663 581 illi.’
706 551 776 581 Pro
790 550 925 590 vulgata
941 548 1046 587 scrip·

346 610 421 636 tura
452 606 578 643 pugnat
599 599 780 632 infeliciter
806 599 977 631 Barthius.
1000 599 1044 629 D.

346 655 459 687 Heius.

388 707 428 734 83
453 703 553 734 Stet-is
579 701 767 741 Proserpina
792 702 895 731 tincta
918 699 1047 739 catenis]

347 754 446 785 Duris
476 754 626 783 Florent.
657 753 689 782 S.
708 751 830 790 Marci,
856 749 946 791 quod
971 758 1046 790 per-

346 810 486 844 petuum
503 808 699 834 catenarum
717 801 807 842 apud
833 800 960 832 Poetas
976 799 1046 840 epi-

347 854 474 885 theton.
501 853 597 884 Idem.

388 907 430 935 86
454 904 618 934 Pulchrior
628 914 703 934 auro
718 901 883 942 Coesaries]
909 901 1045 932 Flavum

347 955 549 996 capillitium
566 954 931 985 commendatissimum
955 957 1046 984 vete-

350 1006 453 1036 ribus.
480 1005 592 1036 Barth.

391 1057 429 1084 87
458 1053 564 1092 Ignes]
588 1054 694 1083 Faces
711 1053 895 1083 oculorum.
922 1052 1017 1082 Idem.

392 1106 432 1134 88
463 1104 698 1142 Exhaustaeque
722 1104 796 1141 gelu
819 1103 911 1142 pallet
941 1102 1048 1142 rubor]

351 1155 546 1194 Exustusque
577 1153 798 1184 Claudianum
833 1157 914 1191 puto
945 1151 1050 1190 scrip-

351 1204 453 1233 sisse:
488 1203 538 1233 uri
551 1204 622 1241 gelu
647 1207 704 1232 aut
722 1201 849 1241 frigore
874 1203 1050 1241 eleganter

349 1253 485 1283 dicitur.
511 1253 558 1282 D.
577 1252 688 1283 Heius.

391 1306 430 1333 91
456 1303 629 1341 Agnoscere
642 1299 724 1338 visu]
750 1301 826 1331 Non
843 1301 929 1330 vultu
947 1299 1050 1339 scrip-

351 1353 395 1382 ti:
423 1351 470 1381 sic
484 1359 573 1389 sa¹pe
590 1354 714 1379 noster.
738 1349 837 1380 Idem.

392 1403 432 1430 93
460 1399 519 1430 Cui
535 1401 622 1428 ίιιηία
635 1398 787 1438 potestas]
813 1398 950 1429 Rectius
969 1398 1051 1429 Del·

350 1451 389 1480 rii
415 1449 523 1480 codex
547 1448 708 1486 facultas:
744 1449 867 1479 deiude
908 1449 1052 1488 soevz'tiae,

350 1509 415 1530 non
431 1499 562 1530 saevitiae
574 1502 618 1530 est
635 1499 784 1539 potiores
798 1499 928 1538 scripti.
953 1499 1050 1529 Idem.

392 1552 431 1580 97
447 1549 530 1579 Dira
542 1548 669 1589 parens]
681 1549 769 1579 Dura
786 1548 934 1588 potiores
946 1548 1053 1588 scrip·

354 1600 390 1630 ti.
416 1599 512 1629 Idem.

392 1650 549 1688 Nataeque
579 1649 741 1689 peremtoe]
783 1648 899 1685 Signat
940 1652 1051 1679 extre-

352 1709 438 1729 mam
456 1698 696 1737 calamitatem,
715 1698 796 1729 licet
821 1698 908 1729 citra
935 1698 1052 1729 interi-

353 1755 436 1780 tum.
460 1749 574 1779 Barth.

396 1802 456 1830 100
485 1800 585 1829 Unica
611 1798 774 1839 despicior]
807 1798 928 1837 Unica,
952 1803 987 1829 et
1010 1798 1052 1829 ob

352 1850 386 1880 id
404 1849 508 1888 inagis
526 1848 708 1887 diligenda.
725 1849 818 1879 Tull.
838 1849 986 1889 Philipp.
1001 1857 1052 1880 ix.

350 1899 359 1914 ‘
379 1902 415 1928 ut
431 1907 528 1928 neruo
546 1907 691 1937 unquam
717 1898 805 1928 unici
827 1896 887 1927 tilii
910 1902 1051 1928 mortem

353 1947 457 1986 magis
485 1946 642 1985 doluerit,
663 1956 763 1986 quam
788 1946 844 1977 ille
869 1947 913 1978 sit
930 1957 1053 1978 moeror

353 1996 480 2037 patris.’
520 1997 588 2027 Pro
602 1996 708 2027 Sexto
726 1997 848 2028 Roscio
867 1996 1049 2028 Amerino:

350 2048 359 2062 ‘
380 2048 465 2079 Quae
495 2051 606 2076 tamen
631 2047 714 2076 vitia
739 2045 876 2077 fuerunt
903 2047 935 2077 in
953 2048 1052 2078 unico

351 2095 434 2134 tilio,
452 2105 512 2126 cur
529 2095 555 2125 is
574 2095 661 2135 patri
679 2095 913 2134 displicuerit!
938 2097 1052 2128 Plaut.

352 2145 447 2176 Asin.
491 2146 597 2185 princ.
629 2150 744 2176 noster
782 2155 805 2176 1.
843 2146 884 2177 de
917 2147 1051 2188 Raptu:

351 2197 360 2212 ⁴
380 2196 490 2235 proles
517 2200 634 2235 optata
661 2195 790 2226 virebat
816 2195 949 2228 Unica.'
983 2198 1053 2228 Ho-

352 2255 437 2275 mer.
462 2245 584 2285 Odyss.
612 2254 685 2275 xvi.
713 2246 819 2285 princ.
847 2251 882 2276 et
909 2247 1053 2278 Phoenix

353 2295 439 2326 Iliad
453 2303 504 2326 lx.
520 2294 578 2324 Καί
592 2307 628 2332 με
639 2294 758 2334 ‹pst-qd,
772 2295 841 2326 ὥσει
857 2308 892 2327 τε
907 2297 1009 2337 πατὴρ
1019 2298 1054 2327 (ὸν

353 2347 448 2376 παῖδα
463 2345 591 2386 φιλήσῃ,
606 2347 734 2382 Μοῦνον,
747 2345 923 2385 τηλύγετον
938 2358 944 2377 ;
963 2352 989 2378 et
1008 2358 1053 2379 me

352 2396 478 2433 dilexit,
492 2399 524 2425 ut
538 2399 628 2435 pater
643 2406 730 2426 suum
745 2397 852 2436 filium
874 2397 1053 2436 ‹liligi!,so-

354 2447 428 2485 lum,
441 2447 574 2475 unicum.
601 2447 759 2485 Deinpst.

398 2497 459 2526 102
483 2494 651 2534 Suppliciis
682 2495 795 2525 inclusa
817 2495 921 2534 seror]
961 2494 1053 2525 Teror

355 2544 460 2576 Aldus
484 2550 520 2576 et
545 2545 698 2575 meliores
715 2545 846 2584 scripti.
885 2544 956 2575 Teri
972 2543 1053 2574 dici-

355 2599 411 2625 tur
427 2598 534 2634 recte,
554 2594 633 2635 quia
648 2593 765 2626 ferreis
783 2595 912 2625 catenis
928 2595 1052 2625 vincta.

354 2645 412 2676 Sic
424 2645 550 2686 digitus
567 2647 689 2685 pnellae
705 2647 827 2677 annulo
845 2646 911 2678 teri
928 2646 1054 2677 Ovidio

357 2696 482 2730 dictus.
512 2696 640 2728 Statius
655 2696 760 2728 Theb.
788 2706 835 2729 iv.
859 2699 867 2714 ‘
887 2698 974 2729 latus
988 2707 1054 2729 om-

1091 151 1165 183 ct..
1198 149 1383 180 CLAUD.
1416 146 1600 177 XXXV!-

1091 255 1133 276 ne
1165 245 1224 275 sub
1251 243 1350 274 armis
1378 242 1506 272 Ferrea
1530 242 1627 269 scuta
1654 235 1792 269 terunt!

1091 295 1194 325 Theb.
1214 304 1278 324 vn.
1315 294 1324 309 ‘
1340 291 1554 331 Invisamque
1569 288 1652 319 teris
1668 286 1794 318 fen-ato

1094 350 1231 386 pectore
1261 339 1426 374 matrem.'
1459 340 1549 371 ibid.
1579 338 1693 369 ‘ferro
1721 341 1794 367 atra

1093 401 1250 427 teruntur
1268 394 1422 425 Limina.'
1445 393 1488 423 D.
1507 390 1622 421 Heins.

1138 445 1249 484 Feror]
1284 444 1377 475 Ferri
1395 443 1482 473 onim
1499 441 1595 471 inviti
1619 443 1670 470 est
1694 447 1793 479 quem

1095 505 1210 527 sanum
1227 494 1413 525 credebant
1429 501 1556 530 omnes,
1572 491 1689 531 suique
1707 498 1795 520 com-

1096 551 1220 587 potem.
1244 545 1357 575 Barth.

1142 599 1201 626 104
1225 595 1262 625 Si
1278 598 1308 624 te
1323 592 1398 632 non]
1415 592 1481 623 Alii
1497 601 1544 622 me
1555 600 1624 621 uon.
1649 589 1794 628 Inepte:

1098 644 1178 686 quid
1192 644 1280 674 enim
1295 644 1358 674 hoc
1376 643 1416 673 ad
1434 643 1562 672 luctum
1590 638 1793 670 movendum

1096 695 1212 732 matri,
1225 698 1283 724 aut
1300 693 1461 723 auxilium
1478 689 1718 731 quaerendum?

1132 743 1286 783 Matrem]
1299 744 1492 774 Maternum
1501 739 1670 771 affectum.
1679 737 1796 769 Barth.

1142 797 1201 825 105
1236 794 1276 825 Si
1297 797 1331 824 tu
1355 796 1428 823 nota
1457 792 1561 828 Ceres,
1587 792 1617 820 et
1642 799 1703 819 non
1734 788 1796 827 me]

1098 845 1174 876 Hoc
1190 854 1324 886 quoque
1348 843 1484 883 scriptis
1508 841 1665 871 debetur.
1702 838 1797 869 Unus

1098 896 1253 927 Ambros.
1287 895 1324 925 Si
1348 898 1401 924 tua
1425 895 1510 930 nata,
1537 892 1638 921 Ceres.
1675 888 1799 928 Vulgo,

1098 946 1136 976 Si
1167 950 1201 977 tu
1226 948 1328 975 sancta
1360 945 1462 981 (Tere-e,
1489 946 1518 973 et
1541 952 1600 971 non
1626 944 1668 971 te.
1714 939 1797 970 Mox

1099 997 1237 1028 cavernis
1264 1006 1324 1035 pro
1354 993 1471 1025 catenis
1498 992 1619 1023 iidem:
1645 992 1653 1007 ‘
1672 990 1799 1020 Reces-

1098 1057 1168 1078 sum
1187 1046 1355 1077 tenebrosi
1383 1042 1542 1075 carceris’
1570 1047 1604 1071 et
1630 1042 1638 1057 ‘
1656 1038 1798 1070 hiatum’

1100 1108 1202 1138 supra
1219 1102 1329 1135 vocat,
1354 1095 1443 1136 quod
1467 1094 1518 1123 hic
1534 1100 1689 1123 cru-ernas.
1738 1091 1799 1119 Ca·

1099 1153 1178 1180 teme
1194 1157 1269 1178 mox
1285 1150 1482 1186 sequuntur.
1501 1144 1543 1173 D.
1560 1141 1668 1171 Heius.

1146 1198 1259 1237 Caspia
1283 1195 1376 1233 tigris
1389 1191 1516 1230 Edidit]
1542 1192 1592 1222 Ex
1608 1188 1796 1229 virgiliano

1101 1251 1179 1280 illo:
1203 1253 1212 1266 ⁶
1232 1248 1289 1278 sed
1308 1247 1399 1277 duris
1415 1245 1533 1285 genuit
1546 1247 1581 1273 te
1594 1242 1627 1272 in
1644 1241 1797 1273 cautibus

1100 1300 1241 1329 horrens
1271 1299 1453 1331 Caucasus,
1478 1295 1717 1334 Hyrcanaeque
1743 1291 1798 1322 ad-

1100 1353 1236 1379 morunt
1252 1349 1358 1379 ubera
1374 1344 1505 1385 tigres!
1525 1343 1640 1375 Barth.

1145 1402 1206 1430 109
1233 1399 1367 1429 Tendere
1392 1400 1518 1427 comitur
1541 1393 1677 1435 palmas]
1701 1392 1799 1424 More

1101 1449 1303 1488 supplicum.
1336 1447 1515 1485 Virgilius:
1559 1444 1641 1475 ‘Ad
1679 1443 1798 1474 coelum

1100 1498 1220 1529 infelix
1242 1499 1395 1528 ardentia
1419 1497 1543 1527 lumina
1558 1495 1698 1526 tollens:
1738 1494 1802 1524 Lu-

1101 1548 1210 1585 inina3
1236 1558 1310 1578 nam
1329 1553 1462 1578 teneras
1486 1545 1651 1576 arcebant
1667 1543 1803 1574 vincula

1101 1598 1252 1638 palmas.'
1296 1599 1464 1628 Carterum
1478 1596 1510 1626 in
1527 1606 1626 1626 mauu
1644 1593 1802 1634 Antiquis

1100 1648 1180 1679 fidei
1203 1647 1311 1678 sedes.
1337 1647 1478 1677 Ovidius
1502 1647 1524 1676 l.
1543 1655 1591 1676 vr.
1635 1646 1643 1662 ‘
1658 1645 1704 1676 Et
1728 1643 1801 1684 pig-

1102 1708 1161 1728 nus
1177 1698 1255 1728 fidei
1282 1697 1420 1728 dextras
1444 1701 1603 1736 utrasque
1620 1693 1800 1735 poposcit!

1103 1749 1194 1779 Hinc
1213 1748 1334 1778 dextra
1351 1756 1466 1777 manus
1484 1747 1556 1786 ipsa
1575 1745 1670 1776 fides.
1717 1745 1803 1775 Hos-

1102 1799 1178 1838 pitii
1196 1798 1322 1837 insigne
1340 1797 1517 1827 dexteram
1544 1800 1645 1826 vocat
1660 1794 1801 1825 Tacitus

1104 1848 1195 1879 Hist.
1222 1857 1246 1878 1.
1292 1847 1424 1878 Abhinc
1452 1845 1630 1877 descendit
1647 1845 1804 1875 vetustis-

1101 1899 1184 1929 sima
1210 1898 1326 1937 religio
1351 1896 1501 1937 jurandi,
1532 1904 1631 1926 manu
1659 1894 1801 1934 alicujus

1103 1953 1205 1979 tacta.
1231 1948 1328 1978 Idem.

1147 2000 1207 2029 11ss
1234 1999 1362 2028 (iniciis
1387 1996 1493 2035 objecti
1515 1994 1683 2033 fraudibus
1713 1994 1801 2034 anni]

1105 2048 1208 2078 Certis
1224 2046 1288 2077 duo
1314 2046 1546 2084 Ambrosiani3
1571 2046 1613 2076 dc
1637 2055 1701 2086 qua
1717 2055 1801 2077 voce

1103 2100 1204 2130 Cous.
1233 2097 1366 2138 Olybrii
1395 2097 1546 2127 dictum:
1579 2106 1664 2127 unus
1683 2097 1802 2127 Petav.

1102 2150 1223 2185 cuutis;
1262 2154 1299 2179 ut
1330 2152 1447 2179 auctor
1489 2147 1648 2177 Herculis
1684 2146 1802 2184 (littei,

1101 2202 1110 2217 ‘
1138 2200 1275 2231 Intraut
1312 2197 1449 2228 fraudes
1501 2197 1659 2235 cautique
1700 2195 1768 2225 doli
1783 2195 1803 2225 :’

1102 2254 1193 2280 amat
1210 2254 1245 2279 et
1268 2257 1341 2278 eam
1367 2256 1481 2277 vocem
1507 2250 1633 2284 noster,
1659 2250 1696 2276 ut
1721 2244 1804 2275 alibi

1104 2305 1270 2329 notamus,
1295 2298 1338 2327 1).
1358 2296 1472 2326 Heius.

1148 2352 1208 2378 120
1240 2347 1438 2386 Depositum]
1472 2346 1624 2376 Imitatio
1652 2345 1802 2386 Papinii,

1102 2398 1191 2437 apud
1216 2407 1313 2437 quem
1339 2396 1488 2426 Achilles
1515 2396 1640 2435 deponi
1664 2395 1802 2435 dicitur,

1104 2458 1203 2488 quem
1232 2452 1339 2477 mater
1363 2447 1481 2477 Thetis
1507 2446 1659 2486 virgineo
1685 2446 1802 2477 habitu

1104 2497 1289 2527 abscondit.
1327 2495 1516 2526 Aclrillcide
1534 2505 1557 2526 1.
1576 2500 1611 2526 et
1628 2496 1646 2526 l.
1664 2504 1706 2526 11.
1731 2497 1739 2512 ‘
1758 2495 1802 2526 Et

1103 2547 1258 2577 Thetidis
1284 2547 1441 2576 mandata
1467 2551 1615 2584 movent,
1637 2545 1802 2586 prodique

1104 2596 1454 2637 xereturDeposituin
1473 2601 1539 2627 tam
1555 2595 1682 2637 grande
1697 2596 1792 2627 Deae.

1105 2648 1221 2679 Barth.

1150 2701 1209 2730 125
1243 2698 1332 2738 Soepe
1359 2696 1497 2738 monent]
1534 2697 1721 2739 Perperam
1746 2694 1800 2727 alii
