1859 3148
315 115 426 157 1731

544 125 685 156 NOTAE
719 124 986 155 VARIORUM
1019 125 1071 156 ΙΝ

1105 126 1178 157 CL.
1211 127 1393 159 GLAUD.
1427 128 1529 159 XCI.

867 330 1193 376 LXXXVIII
1199 368 1208 376 .

822 462 892 504 38.
948 462 1252 520 Fragmentum.

355 582 519 622 Sordidus]
554 582 669 623 Incipit
696 584 733 615 de
763 584 882 616 laum-io
911 586 1010 626 prim.

312 634 422 665 Vatic.
446 633 489 664 D.
507 632 620 664 ch'ns.

353 687 372 716 2
399 685 485 715 Colla
506 684 675 724 comantia]
698 683 829 716 Alludit
854 685 944 717 forte
971 695 1011 717 eo

311 734 398 775 quod
412 734 681 775 Philosophastri
696 735 742 766 illi
754 739 787 766 et
800 736 901 776 pallio
913 741 1010 767 tenus

311 785 413 826 Sophi
438 794 566 815 comam
592 786 691 826 vulgo
716 786 912 817 nutriebant
939 787 1009 818 lon-

310 835 492 876 gissimam,
523 836 573 866 uti
605 846 647 867 ex
681 837 841 876 Luciauo,
884 838 1010 877 Gellio,

312 886 451 927 aliisque
467 891 595 918 notum.
642 886 889 929 Argumentum
907 889 1011 929 igitur

310 937 409 977 huJus
439 937 621 979 fragmenti
648 938 720 970 sive
748 939 1008 981 Epigrammatii

1067 587 1133 618 tale
1148 586 1230 627 fingi
1246 588 1384 628 poterit,
1410 590 1509 630 quale
1533 594 1584 620 cst
1603 590 1759 631 principii

1066 639 1195 678 Satyron
1227 639 1385 670 secuudae
1416 650 1518 679 penes
1547 641 1760 673 Juvenalem.

1065 687 1238 719 Videlicet
1255 697 1311 719 ore
1330 693 1427 719 tenus
1450 695 1485 720 et
1500 690 1601 730 pallio
1619 690 1762 730 philoso-

1066 738 1160 778 phari
1180 739 1259 769 istos
1285 739 1480 780 nebulones,
1505 745 1562 771 aut
1587 741 1761 771 scientiam

1065 798 1175 818 rerum
1195 788 1357 828 praeferre
1374 790 1653 828 memorabilium,
1670 796 1763 830 post-

1063 839 1196 869 modum
1229 849 1304 870 cum
1331 840 1392 871 soli
1421 840 1500 881 siut,
1529 839 1641 872 facere
1669 839 1763 881 paria

1064 889 1223 930 Cybeles.
1248 890 1362 921 Barth.

884 1103 1182 1147 LXXXIX.

735 1226 804 1267 39.
858 1225 925 1266 De
941 1240 1119 1280 paupere
1142 1224 1334 1266 Anmnte.

349 1346 505 1377 scium
522 1344 589 1375 dno
612 1343 867 1384 Epigrammata
891 1342 933 1373 ad
951 1342 1008 1373 de-

306 1395 538 1426 monstrandas
563 1403 729 1424 aerumnas
756 1392 1008 1423 infelicitatem-

308 1455 373 1486 que
390 1445 546 1483 amanti&
574 1445 632 1485 qui
657 1448 810 1475 extremo
836 1443 923 1473 malo
950 1443 1007 1473 hu-

305 1496 490 1535 manitatis,
507 1500 708 1536 paupertate
725 1495 893 1534 nimirum,
914 1496 1007 1536 pejo-

306 1556 343 1576 ra
359 1545 461 1584 ferat,
477 1546 557 1576 dum
571 1555 634 1576 nou
649 1549 761 1585 potest
776 1545 898 1576 amoris
914 1543 1006 1575 flam-

304 1606 368 1627 mae
384 1597 556 1627 resistere.
580 1596 696 1626 Barth.

350 1649 365 1677 1
395 1646 548 1686 Dirusque
566 1646 700 1687 Cupido]
727 1646 781 1677 De
810 1646 931 1679 amoris
956 1646 1005 1677 in-

1063 1342 1231 1373 tolerabili
1258 1343 1411 1374 cruciatu
1439 1343 1529 1383 pleni
1556 1353 1670 1375 omnes
1695 1355 1763 1376 om-

1063 1393 1155 1424 nium
1183 1399 1370 1424 amatorum
1387 1394 1559 1435 utriusque
1585 1400 1620 1426 et
1637 1394 1760 1437 iinguae

1062 1447 1098 1474 et
1114 1445 1183 1475 stili
1201 1444 1287 1475 libri.
1311 1445 1408 1475 Idem.

1103 1497 1123 1524 2
1148 1493 1332 1533 Toleranda]
1356 1495 1556 1525 Tolerabilis
1569 1496 1679 1537 aliquo
1693 1506 1761 1528 nio-

1061 1544 1114 1581 do,
1131 1544 1393 1584 comparataiila
1406 1544 1556 1575 diritate.
1601 1545 1762 1586 Alioquin

1060 1594 1165 1626 fames
1177 1595 1252 1635 jam
1264 1594 1341 1625 inde
1354 1595 1397 1625 ab
1411 1595 1553 1625 Homeri
1570 1595 1761 1627 testimonio

1059 1645 1208 1678 omnium
1226 1644 1458 1676 crudelissima
1473 1644 1592 1686 pestis.

983 1813 1088 1855 XC.

842 1938 914 1979 40.
966 1935 1034 1978 De
1055 1934 1221 1977 Eodem.

346 2061 365 2088 2
389 2058 517 2097 Deligo]
541 2058 679 2089 Summa
691 2061 803 2089 autem
815 2062 896 2089 nota
907 2058 1005 2089 mise-

303 2109 360 2139 riae
379 2109 495 2148 umori,
522 2112 723 2150 paupertate
747 2109 897 2150 pejorem
919 2117 1005 2149 esse,

1060 2066 1134 2098 quae
1153 2065 1315 2087 summum
1330 2056 1477 2098 alioquin
1492 2060 1526 2087 et
1543 2055 1609 2087 tale
1626 2056 1761 2096 malum,

1060 2113 1099 2140 ut
1114 2112 1148 2140 et
1164 2108 1281 2139 auditu
1297 2109 1340 2139 sit
1357 2108 1481 2149 gravis.
1506 2107 1622 2140 Barth.

964 2277 1094 2318 XCI.

698 2401 769 2441 41.
815 2399 869 2440 In
893 2399 1130 2454 Sepulcrum
1154 2398 1357 2453 Speciosa.

345 2524 360 2551 1
388 2520 531 2551 Pulchris
557 2524 639 2551 stare.
667 2521 737 2561 diu]
772 2521 930 2553 Effictum
960 2522 1000 2553 ad

301 2571 382 2602 iilud
411 2571 557 2602 Lucani:
590 2572 599 2588 ‘
615 2571 820 2613 summisque
843 2576 1000 2612 negatum

299 2622 398 2651 Stare
413 2620 495 2652 diu.'

342 2671 513 2702 Parcarum
535 2671 617 2710 lege]
654 2671 740 2703 Haec
765 2675 800 2703 ut
827 2672 1000 2704 immineat

1057 2522 1222 2559 omnibus,
1249 2521 1336 2551 vitas
1359 2519 1579 2561 fortunasque
1595 2520 1757 2550 humanas

1056 2571 1266 2603 Aminearum
1304 2572 1410 2602 instar
1438 2571 1514 2601 telis
1552 2569 1756 2600 tenuissimis

1055 2622 1235 2661 sustinens,
1259 2631 1355 2652 nemo
1372 2621 1490 2651 melius
1507 2620 1632 2651 dixerit
1648 2619 1757 2650 salsis-

1055 2675 1138 2707 simo
1150 2675 1447 2715 Philosophorum,
1460 2673 1621 2704 Luciano.
1639 2672 1754 2703 Barth.
