1763 3116
537 111 611 140 ci..
645 100 942 143 anu'oiAm.
1365 106 1473 151 1761

75 212 224 254 gentor.
245 206 284 245 (1.
304 214 368 247 30.
390 208 484 244 Dec,
514 213 624 249 1705.
646 207 815 245 defensa.
875 209 946 246 Cui
977 222 1036 258 sq.
1070 223 1171 248 anno
1202 225 1322 252 novus
1345 217 1475 256 titulus

77 270 257 318 praefixus
278 279 355 308 est:
390 271 447 308 Cl.
471 270 671 308 Claudiani
701 271 749 308 (le
782 283 841 310 IV.
871 273 1086 312 Consulatu
1107 276 1269 314 Honorii
1291 281 1388 328 Aug.
1412 295 1475 330 pa,

76 336 274 384 negyricus
295 348 381 371 cum
403 335 501 371 notis
524 335 702 372 brevibus
738 337 953 375 Rhetoricis
988 344 1026 376 et
1056 340 1223 389 politicis
1243 342 1333 379 Joh.
1355 346 1472 394 Casp.

77 398 232 435 Khunii.

29 460 128 502 1706
149 464 304 510 Argent.
327 468 364 498 4.
388 462 673 511 Epigrammata
697 463 836 500 selecta
860 478 893 501 c.
914 478 949 501 n.
971 466 1029 502 Jo-
1051 466 1167 514 Casp.
1192 467 1348 506 Khunii.

27 527 122 563 1713
142 523 329 561 Londini:
364 524 428 562 sol.
452 526 488 561 in
509 526 737 564 collectione
767 540 861 577 opp.
888 535 924 565 et
959 528 1161 578 fragment.
1186 538 1300 569 veter.
1322 533 1472 572 Poetar.

70 586 242 625 Latinor.
266 588 467 626 Profanor.
485 596 524 627 et
537 591 844 629 Ecclesiasticor.
857 605 920 641 ap.
937 594 998 630 Jo.
1014 593 1244 639 Nicholson,
1262 595 1471 646 B.T001;e‚

68 656 107 687 et
127 652 162 689 J.
184 651 362 690 Tonson.
386 663 436 690 11.
459 653 534 690 vol.
556 654 692 702 (edidit
715 655 942 701 Maittaire.)

23 718 119 755 1715
143 714 249 764 Lips.
277 722 334 754 12.
357 730 392 754 c.
414 731 450 754 n.
473 717 523 755 ad
542 718 702 755 modum
728 718 899 763 Minellii,
923 732 985 769 ap.
1007 719 1172 758 Weidm.

17 782 118 822 1729
137 779 281 816 Patavii
305 787 365 818 12.
382 793 428 818 ex
448 781 684 830 optimorum
699 782 877 819 codicum
899 782 990 819 fide.

22 846 113 883 1731
143 843 306 880 Mediol.
328 844 362 880 in
385 858 546 893 corpore
567 847 675 882 Poet.
697 847 782 884 Lat.
802 859 890 885 cum
924 847 1052 884 Italica
1088 848 1260 886 versione
1283 850 1371 888 Nic.
1402 852 1469 888 Be—

63 906 231 953 rengani.
252 912 288 941 4.
311 907 382 942 To.
406 918 470 944 Χῐ.
487 918 703 946 X11.xr11.

15 972 114 1009 1734
136 968 294 1006 Patavii.
319 974 352 1008 8.
378 970 436 1007 Cl.
459 984 546 1019 qua:
565 978 712 1017 extant,
734 972 821 1009 Nic.
845 974 1026 1010 Heinsius
1048 974 1097 1010 D.
1121 974 1172 1014 fil.
1194 978 1400 1023 recensuit,
1423 992 1468 1015 ac

64 1038 177 1068 notas
197 1032 361 1078 addidit,
385 1034 526 1084 quibus
556 1035 751 1073 accedunt
786 1036 980 1074 variorum
1004 1037 1303 1087 Commentarii3
1337 1042 1469 1079 addita

62 1100 150 1131 sunt
170 1095 218 1132 ad
239 1096 385 1133 calcem
407 1101 588 1146 poeinata
606 1099 743 1136 incerti
763 1101 946 1138 auctoris.
963 1111 1014 1140 11.
1036 1102 1146 1139 tomi.

10 1172 40 1196 s.
60 1171 95 1195 a.
116 1165 152 1196 et
175 1158 237 1196 sol.
264 1160 298 1195 in
322 1161 462 1198 Claud.
487 1162 696 1201 Hermann.
716 1165 919 1202 Buschius.
944 1165 1129 1204 Coloniae.

11 1227 112 1266 1759
131 1223 192 1260 Cl.
213 1223 417 1262 Claudiani
438 1239 525 1275 quae
540 1232 687 1272 extant,
710 1228 891 1265 varietate
913 1229 1087 1267 lectionis
1117 1235 1155 1267 et
1181 1238 1369 1280 perpetua
1398 1244 1467 1270 an-

60 1287 259 1325 notatione
280 1288 467 1327 illustrata
486 1303 508 1327 a
527 1291 590 1328 J0.
610 1291 754 1329 Matth.
777 1293 967 1331 Gesnero.
1026 1293 1194 1331 Accedit
1214 1294 1334 1332 Index
1357 1294 1468 1333 uber-

59 1350 191 1389 rimus.
223 1353 328 1402 Lips.
351 1353 386 1390 in
406 1354 473 1391 off.
497 1355 700 1393 Fritschia.
725 1362 760 1394 8.
781 1355 952 1394 Textum
982 1357 1153 1406 sequitur
1172 1358 1307 1397 Heius.
1326 1366 1364 1396 et
1385 1360 1468 1409 qui-

58 1413 143 1451 dem
165 1416 350 1465 exipsius
382 1419 559 1467 exemplo
593 1418 728 1468 prioris
758 1418 937 1455 editionis
970 1420 1093 1468 (quod
1123 1421 1363 1459 emendatius
1394 1423 1466 1459 sub

53 1477 175 1515 oculis
198 1479 387 1515 Gronovii
406 1483 620 1527 excusum),
643 1481 803 1518 mutatis
827 1482 944 1519 modo
970 1483 1040 1519 illis
1070 1484 1163 1520 locis
1197 1498 1295 1533 quos
1315 1486 1398 1535 ipse
1428 1487 1465 1522 in

58 1541 236 1578 secundis
257 1542 359 1579 curis
394 1545 532 1582 unitari
558 1546 732 1594 jusserat
766 1546 962 1591 Heinsius,
997 1553 1065 1584 aut
1098 1547 1135 1584 in
1168 1549 1307 1597 quibus
1328 1550 1378 1586 ab
1399 1550 1466 1586 illo

59 1603 284 1642 discedendi
299 1606 428 1655 justas
449 1621 487 1644 se
508 1621 645 1645 causas
667 1609 808 1646 habere
829 1614 984 1659 putaret
1006 1609 1051 1646 V.
1071 1609 1117 1647 C.
1139 1623 1235 1660 quas
1254 1612 1466 1650 annotavit,

59 1668 164 1705 Inter
184 1676 329 1707 textum
350 1676 389 1707 et
410 1677 520 1708 notas
540 1672 726 1721 (egregias
747 1672 903 1722 quidem
924 1672 1007 1709 illas
1027 1678 1067 1711 ct
1079 1672 1227 1718 doctas,
1244 1680 1282 1711 et
1295 1674 1345 1711 ad
1367 1675 1466 1713 bene

55 1730 346 1782 intelligendum
368 1738 524 1783 poetam
545 1737 806 1784 comparatas)
826 1735 1094 1785 interpositam
1108 1737 1226 1775 habet
1239 1737 1467 1778 varietatem

52 1795 228 1833 lectionis
251 1796 461 1844 meliorem,
485 1798 806 1848 iuscrtisjudiciis
825 1798 983 1845 criticis,
1000 1799 1114 1839 etiam
1129 1801 1366 1851 conjecturis
1380 1803 1465 1853 qui-

54 1858 221 1897 busdam
244 1860 490 1899 criticorum.
519 1861 721 1900 Praemissa
741 1868 832 1900 sunt
850 1863 1132 1913 Prolegomena
1147 1864 1309 1914 copiosa
1321 1871 1358 1903 et
1378 1879 1465 1905 eru-

52 1921 133 1960 dita
152 1923 199 1960 de
220 1924 333 1961 rebus
354 1925 533 1962 omnibus
562 1925 610 1963 ad
644 1925 901 1964 Claudianum
930 1926 1070 1976 ipsum,
1105 1928 1190 1977 ejus
1218 1929 1401 1976 carmina,
1425 1936 1465 1968 et

52 1985 241 2023 editiones
266 1988 557 2036 pertinentibus.

3 2047 104 2093 1760
138 2049 197 2087 Cl.
231 2050 435 2087 Claudiani
469 2053 601 2100 Opera
633 2065 722 2102 quae
754 2059 899 2099 extant,
933 2053 1063 2091 omnia
1082 2053 1130 2091 ad
1151 2056 1463 2095 membranarum

51 2111 167 2150 fidem
201 2114 403 2162 castigata,
438 2128 527 2152 cum
561 2116 661 2153 notis
699 2117 856 2167 integris
887 2118 1024 2164 Delrii‚
1054 2118 1231 2165 Claverii,
1254 2120 1464 2166 Demsteri,

50 2177 287 2214 auctioribus
301 2178 389 2215 Nic.
411 2179 568 2224 Heinsii,
591 2187 629 2217 ct
648 2180 801 2218 ineditis
822 2182 925 2220 Petr.
948 2182 1171 2220 Burmanni.
1203 2183 1371 2221 Accedit
1391 2185 1465 2235 syl-

49 2239 136 2291 loge
157 2254 252 2278 varr.
275 2242 382 2279 lectt.
414 2256 461 2280 ex
486 2242 632 2292 ingenti
662 2257 823 2282 numero
845 2246 943 2283 Mss.
965 2259 988 2283 a
1008 2245 1098 2283 Nic.
1121 2246 1281 2284 Heinsio
1302 2247 1464 2285 collato-

48 2316 134 2340 rum
155 2304 327 2353 digesta:
360 2306 610 2356 subjungitur
639 2307 833 2345 Lactantii
869 2308 991 2358 elegia
1027 2308 1076 2346 de
1115 2309 1312 2356 Phoenice,
1346 2310 1463 2361 vulgo

48 2366 262 2404 Claudiano
282 2370 457 2419 ascripta,
480 2383 567 2408 curn
591 2371 692 2409 curis
713 2372 890 2411 secundis
926 2373 1016 2411 Nic.
1053 2372 1202 2411 Heinsii
1238 2379 1279 2412 et
1309 2381 1459 2412 annott.

50 2429 155 2467 Petr.
181 2431 390 2468 Burmanni
424 2446 502 2470 sec.
539 2435 667 2473 Amst.
703 2442 740 2472 4.
780 2437 884 2473 Petr.
916 2436 1176 2482 Burmannus,
1198 2442 1258 2475 tot
1277 2437 1402 2487 poetis
1423 2445 1464 2475 et.

47 2493 130 2530 aliis
152 2495 406 2544 scriptoribus
439 2496 551 2535 editis
585 2498 726 2544 clarus,
760 2500 876 2538 etiam
904 2501 1163 2539 Claudianum
1193 2501 1308 2539 edere
1341 2501 1463 2538 voluit

48 2568 136 2595 cuni
159 2559 237 2596 suis
272 2566 309 2596 et
339 2559 485 2596 Heinsii
518 2566 557 2598 et
590 2568 802 2600 ceterorum
823 2564 949 2603 notis:
984 2578 1061 2615 quo
1082 2572 1171 2602 ante
1191 2577 1291 2614 opus
1313 2563 1459 2602 editum

47 2628 216 2667 mortuo,
238 2635 317 2659 rein
340 2623 511 2673 suscepit
537 2637 556 2661 e
592 2623 706 2662 fratre
742 2639 878 2676 nepos,
901 2628 969 2678 qui
990 2636 1027 2666 et
1049 2629 1132 2679 ipse
1152 2628 1305 2667 addidit
1323 2627 1458 2670 multa,

81 2696 193 2737 Delplz.
209 2700 237 2727 ct
262 2698 334 2730 l'ur.
359 2699 443 2731 (tus.
694 2700 806 2731 Claud.
1303 2704 1321 2730 5
1343 2700 1372 2730 '1'
