1859 3148
313 140 425 181 1624

314 243 517 274 dicebantur
555 243 634 273 deos
673 242 829 282 prodere,
867 248 1010 280 quorum

314 299 446 324 mentes
464 298 521 323 aut
537 302 660 323 arcana
678 290 888 322 revelabant.
926 290 1013 319 Mul-

314 348 366 373 tus
395 343 425 373 iu
454 354 494 373 ea
520 343 691 373 locutione
722 342 888 370 Lucanus.
912 348 1013 379 appo-

314 393 390 431 site,
405 393 460 423 lib.
475 402 505 423 v.
530 395 538 409 ‘
553 402 613 421 nec
630 395 755 421 tantum
771 389 916 428 prodere
931 388 1011 427 vati,

315 443 486 474 Quantum
502 442 586 472 seire
613 439 726 470 licet1'
751 439 823 470 etl.
843 447 876 469 x.
901 438 1012 469 Acho-

315 501 391 522 reus
431 497 543 521 vates:
567 489 654 518 ‘Fas
689 488 768 517 mihi
804 497 1012 527 magnorum,

315 541 441 575 Caesar,
477 543 612 569 secreta
643 537 793 567 Deorum
825 537 976 568 Prodere
991 537 1011 567 ι’

314 590 362 620 ita
381 595 474 619 vetus
492 588 574 617 liber
604 587 843 625 Lovaniensis3
868 597 934 618 non
959 597 1013 626 pa-

312 642 443 669 rentum.
484 637 591 667 Paulo
609 641 687 666 ante
704 637 817 667 Caesar
833 636 988 667 Acboreo
1003 647 1011 667 ι

314 690 322 705 ‘
339 687 565 728 quodcunque
580 687 722 717 vetustis
736 686 947 725 Insculptum
961 690 1014 715 est

312 737 421 778 adytis
436 736 564 776 profer,
590 736 749 776 noscique
767 735 915 765 volentes
930 735 1014 764 Pro-

313 787 355 818 de
382 787 471 817 Deos
487 787 506 816 :'
540 792 642 827 atque
675 786 723 816 ita
754 786 809 815 ille
846 794 948 824 saepe,
977 788 1015 815 ut

313 837 399 868 libro
417 837 524 876 primo
539 837 691 866 Arruns:
717 837 726 852 ‘
742 836 796 866 vix
809 834 872 874 fas,
889 835 1015 874 superi,

313 896 526 927 quaecunque
550 886 692 916 monetis
710 885 859 915 Prodere
887 894 938 915 me
957 894 1013 924 po·

316 937 404 977 pulis
423 936 442 967 ι’
481 941 517 967 et
547 946 637 974 mox,
674 935 830 975 ‘rapitur
861 939 1014 965 matrona

318 998 379 1028 per
405 987 698 1027 nrbem‚V0cibus
723 987 772 1016 his
800 986 945 1026 prodens
962 995 1014 1015 ur-

317 1043 453 1077 gentem
496 1042 635 1078 pectora
681 1036 869 1067 Plloebum.’
914 1035 1016 1067 Ovid.

315 1088 407 1117 Fast.
427 1097 481 1118 ιιι.
507 1090 515 1104 ‘
531 1087 596 1118 Sed
616 1091 774 1127 poterunt
792 1087 893 1116 ritum
911 1086 1014 1116 Picus

315 1136 516 1177 Faunusque
534 1137 648 1176 piandi
676 1136 829 1166 Prodere
845 1135 864 1165 :’
888 1135 934 1165 ita
951 1145 1016 1165 me—

315 1186 414 1217 liores
442 1187 539 1225 libri;
565 1187 664 1225 vulgo
691 1187 825 1216 (ualere.
882 1185 1016 1215 Flavius

317 1235 482 1275 Vopiscus
514 1235 721 1265 Aureliano:
755 1235 869 1265 ‘Itum
895 1234 1015 1264 deinde

315 1285 425 1316 estad
452 1285 626 1324 templum,
653 1284 797 1323 inspecti
825 1283 915 1322 libri,
942 1293 1015 1322 pro·

316 1335 379 1365 diti
399 1343 512 1364 versus
527 1333 546 1363 :'
573 1333 627 1363 ubi
653 1332 694 1362 de
712 1332 884 1372 Sibyllinis
901 1342 1016 1362 oracu-

315 1384 366 1414 lis.
390 1383 465 1412 Val.
487 1383 641 1419 Flaccus,
667 1382 725 1411 lib.
753 1390 808 1412 ιιι.
832 1382 840 1397 ‘
856 1381 920 1412 Ille
937 1382 1016 1412 mihi

315 1442 389 1473 quae
420 1431 530 1461 danda
563 1430 672 1461 forent
700 1430 898 1461 lustramina
922 1431 1018 1461 caesis

321 1481 562 1518 Prodidit,ille
585 1481 699 1510 volens
719 1480 863 1510 Erebum
892 1485 1015 1510 terras-

319 1540 384 1571 que
421 1530 580 1560 retexit&
616 1534 649 1559 et
680 1530 779 1568 paulo
806 1534 895 1568 ante,
931 1530 939 1545 ‘
958 1540 1014 1559 vos

319 1580 469 1621 prodite,
482 1581 592 1618 Divae,
604 1579 824 1609 Eumenidum
838 1579 1014 1620 noctisque

317 1629 459 1670 globos)
507 1629 651 1660 Phineus
674 1629 762 1668 apud
778 1629 934 1668 eundem,
958 1629 1014 1660 lib.

315 1688 364 1710 lv.
388 1681 396 1696 ‘
414 1679 497 1709 Fata
524 1679 646 1718 loquax
675 1684 887 1718 mentemque
908 1679 1014 1714 Jovis,

317 1738 460 1768 quaequc
480 1727 596 1757 abdita
621 1728 710 1757 solus
728 1729 873 1759 Consilia
898 1734 933 1759 et
950 1734 1016 1759 ter-

315 1779 358 1809 ris
375 1778 487 1809 subito
517 1783 659 1809 ventura
677 1779 831 1819 parabat,
850 1779 1014 1810 Prodide-

316 1829 409 1859 ram!
434 1829 561 1859 Noster
578 1828 664 1858 infra
682 1829 739 1858 lib.
759 1838 815 1860 ιιι.
841 1833 849 1846 ⁶
869 1830 1014 1862 Quodsi

316 1879 389 1919 quis
408 1879 525 1910 Cereri
551 1884 722 1919 raptorem
742 1879 885 1919 prodere
902 1879 1014 1910 divum

319 1927 488 1960 Audeatz'
520 1933 555 1959 et
583 1930 682 1968 paulo
711 1934 799 1969 post,
830 1930 1016 1969 ‘passurus

316 1979 452 2019 prodita
469 1989 572 2019 regna
584 1980 605 2010 ε’
628 1980 770 2020 sedjam
787 1981 878 2011 nimii
895 1991 1015 2012 suilius.

316 2029 358 2059 D.
378 2029 489 2060 Heius.

359 2083 378 2110 *1
404 2081 494 2110 Mens
523 2080 680 2119 congestu]
718 2080 920 2111 Meditantis
951 2081 1014 2112 hoe

316 2134 379 2167 est,
393 2134 429 2160 ut
446 2130 555 2160 animo
581 2131 677 2170 plura
700 2131 959 2170 complectatur,
976 2142 1014 2162 ac

316 2179 395 2209 inde
410 2185 486 2218 post
513 2180 630 2219 eligat,
659 2179 759 2220 idque
780 2181 917 2219 cogitare
934 2181 1015 2211 dici-

318 2232 383 2259 tur.
408 2229 558 2259 Parrha&

363 2278 532 2318 Congesta]
557 2279 595 2309 In
628 2289 662 2309 se
686 2279 806 2319 ipsam,
830 2282 927 2313 nullis
956 2282 1013 2312 ad-

317 2328 463 2366 scititiis,
499 2333 557 2359 aut
579 2329 713 2360 aliunde
741 2332 912 2362 accersitis
939 2333 1013 2362 viri·

317 2377 401 2415 bus;
426 2388 535 2419 neque
554 2384 606 2409 est
633 2380 778 2410 insolens
795 2381 900 2420 dictu,
915 2391 1014 2411 unam

318 2431 443 2465 tamen,
469 2428 551 2459 licet
581 2428 698 2459 virium
732 2431 1013 2470 inconclusarum,

319 2477 461 2508 animam
490 2478 522 2508 in
550 2488 622 2509 sese
646 2480 750 2519 adigi,
767 2484 804 2509 ut
826 2480 931 2510 oblita
946 2490 1013 2511 om-

319 2527 411 2557 nium
443 2532 659 2558 externorum
690 2532 790 2559 vacet
818 2528 890 2566 sibi,
906 2534 938 2559 ct
967 2529 1014 2559 ita

320 2576 462 2608 collecta
489 2582 523 2608 ct
548 2579 712 2618 inspirata
740 2580 814 2609 Deo
843 2577 963 2610 efferat
980 2580 1012 2609 in

319 2625 436 2665 vulgus
461 2637 537 2667 qum
563 2628 719 2668 concepit
747 2629 804 2658 illa
828 2631 876 2658 sui
902 2629 1013 2660 divina

319 2676 549 2715 congestione.
607 2678 661 2707 Sic
697 2684 815 2708 contra
849 2684 942 2709 extra
979 2690 1011 2710 se

500 149 639 180 NOTAE
671 147 937 179 VARIORUM
971 146 1021 176 IN
1055 147 1129 177 CL.
1163 146 1343 176 OLAUD.
1375 144 1569 175 XXXIII.

1062 240 1174 280 spargi
1206 240 1314 270 anima
1343 238 1552 279 perhibetur,
1582 248 1753 279 quae,suae

1063 289 1240 330 dignitatis
1265 289 1371 320 oblita
1397 288 1602 327 lutrinsecae,
1625 288 1697 319 abit
1722 289 1756 319 in

1063 341 1194 371 diversa
1209 341 1321 372 studia
1339 350 1448 371 rerum
1475 339 1619 370 vanitati
1645 339 1757 370 subdi-

1064 396 1186 422 tarum.
1213 392 1327 422 Barth.

1108 441 1275 481 Congesta]
1313 441 1359 472 At
1384 441 1493 472 codex
1521 439 1666 481 Gryphii
1689 449 1759 470 con-

1062 501 1169 522 cussa.-
1204 491 1263 521 scd
1301 497 1414 522 nostra
1451 491 1557 522 lectio
1596 490 1760 530 probatur

1065 541 1210 572 Brodmo
1227 551 1268 571 ex
1284 541 1451 580 Platone;
1475 551 1514 572 ae
1528 541 1553 571 si
1570 540 1670 579 dicat,
1682 549 1759 570 con-

1064 592 1156 631 gerie
1181 601 1289 622 rerum
1316 591 1454 622 confusa
1480 595 1626 622 mentem
1654 589 1762 629 impli-

1064 642 1166 671 citam
1184 650 1248 671 non
1266 640 1364 672 facile
1382 651 1478 681 posse
1495 640 1609 671 ordiri.
1633 639 1679 669 At
1696 648 1759 677 ego

1064 692 1198 721 memini
1229 702 1282 722 me
1313 693 1424 731 legere
1442 700 1581 730 puerum
1608 689 1640 719 in
1668 688 1764 718 Vati-

1065 750 1164 779 cano,
1190 745 1351 780 commota,
1381 740 1470 781 quod
1500 738 1678 770 consumat
1705 738 1762 769 Se-

1065 801 1160 831 neca,
1183 791 1239 821 lib.
1257 792 1298 822 de
1317 791 1444 831 Tranq.
1459 790 1562 820 animi
1578 789 1620 819 ad
1636 787 1760 819 finem:

1065 842 1073 858 ‘
1087 851 1153 872 non
1171 845 1285 882 potest
1301 841 1429 881 grande
1459 839 1583 881 aliquid
1600 843 1634 870 et
1661 848 1763 878 supra

1066 897 1208 923 caeteros
1254 893 1358 933 loquI,
1401 891 1463 924 nisi
1510 895 1601 922 mota
1649 888 1762 920 menS.²

1067 942 1210 981 Dempst.

1111 992 1242 1022 Gressus
1272 994 1422 1022 removete
1455 989 1593 1030 profani]
1629 988 1764 1026 Prosuni

1067 1042 1287 1082 perhibentur
1300 1042 1462 1081 cujusque
1476 1041 1523 1070 rei
1539 1039 1659 1079 ignari,
1672 1048 1764 1070 aver-

1066 1092 1091 1121 si
1109 1092 1149 1122 ab
1163 1101 1215 1130 ea,
1241 1096 1276 1122 et
1293 1091 1435 1130 indigni.
1481 1090 1554 1120 Hos
1571 1089 1654 1119 tales
1671 1097 1765 1118 arce-

1066 1141 1147 1172 bant
1174 1141 1273 1171 rebus
1304 1141 1421 1179 sacris,
1453 1145 1491 1170 ut
1521 1139 1764 1169 auctoritatem

1066 1199 1180 1220 earum
1206 1189 1360 1220 facerent
1382 1188 1556 1227 majorem,
1571 1192 1607 1218 et
1633 1186 1765 1227 religio-

1066 1249 1142 1269 nem
1161 1240 1234 1278 jam
1263 1242 1438 1277 acceptam
1456 1237 1573 1268 animis
1601 1241 1765 1275 angerent

1066 1288 1300 1325 veneratione,
1327 1297 1393 1317 non
1423 1286 1585 1324 admissis,
1617 1287 1683 1318 nisi
1707 1286 1764 1327 qni

1067 1338 1268 1368 videbantur
1281 1338 1374 1368 cultu
1391 1337 1559 1368 irremisso
1583 1337 1765 1377 digniores.

1068 1387 1166 1417 Unde
1184 1387 1366 1418 Horatius:
1390 1387 1399 1403 ‘
1415 1386 1484 1417 Odi
1502 1385 1677 1426 profanum
1696 1386 1764 1417 vul-

1067 1447 1139 1477 gus,
1155 1442 1188 1467 et
1204 1437 1325 1467 arceo.’
1351 1437 1465 1468 Barth.

1109 1491 1126 1517 5
1151 1487 1342 1526 Jamsuror]
1359 1486 1542 1525 Adflatum,
1559 1487 1764 1527 perculsum,

1066 1537 1336 1576 inspirationem,
1364 1537 1467 1574 di‹·,it;
1507 1538 1621 1577 quales
1649 1536 1764 1567 adfec-

1066 1591 1151 1626 tant,
1161 1596 1249 1626 saepe
1262 1588 1364 1617 etiam
1376 1587 1621 1626 adipiscuntur,
1632 1587 1765 1616 Poetae.

1067 1637 1173 1666 Furor
1198 1642 1309 1666 autem
1328 1636 1487 1666 Poeticus
1512 1641 1563 1666 est
1589 1636 1764 1666 ἐνθουσιασ-

1063 1685 1119 1723 μὸς
1143 1686 1199 1716 ille
1225 1686 1357 1716 divinus
1383 1696 1448 1726 quo
1477 1686 1611 1716 coelitus
1638 1685 1766 1717 adflata

1065 1736 1156 1768 natio
1182 1736 1398 1767 scribentium
1416 1737 1564 1767 earmina
1581 1736 1623 1767 de
1649 1741 1761 1777 potes-

1066 1791 1136 1816 tate
1154 1796 1213 1815 sua
1229 1786 1310 1823 exit,
1324 1790 1359 1816 et
1374 1785 1517 1816 furentis
1531 1786 1645 1824 animi,
1659 1790 1696 1816 ut
1719 1785 1764 1816 lo-

1065 1836 1178 1876 quitur
1196 1835 1489 1875 Petronius,gerit
1504 1837 1664 1875 speciem.
1700 1837 1764 1866 Im-

1061 1889 1180 1926 petum,
1215 1886 1292 1926 quia
1329 1885 1487 1916 videlicet
1523 1885 1763 1925 praecipitatur

1068 1937 1158 1966 velut
1185 1945 1289 1974 mens,
1317 1936 1468 1975 appellat
1495 1934 1650 1975 Ovidius,
1665 1935 1722 1965 lib.
1739 1944 1764 1966 1.

1068 1986 1266 2016 Fastorum:
1291 1986 1372 2016 ‘Est
1398 1987 1490 2016 Deus
1515 1985 1547 2015 in
1574 1984 1681 2023 nobis,
1696 1985 1766 2025 agi-

1067 2039 1161 2066 tante
1174 2035 1370 2066 calescimus
1386 2035 1455 2074 illo,
1480 2035 1630 2074 Impetus
1643 2034 1696 2065 bie
1713 2044 1764 2064 sa-

1066 2095 1131 2115 crae
1158 2086 1285 2115 semina
1312 2085 1433 2115 mentis
1460 2084 1587 2115 habet.’
1645 2084 1763 2115 Poe'tae

1065 2139 1177 2164 autem
1193 2133 1354 2165 adflatum
1372 2135 1458 2164 hune
1475 2134 1630 2164 videntur
1645 2143 1685 2164 ea
1712 2143 1766 2163 ra-

1065 2185 1155 2215 tione
1173 2185 1315 2214 maxime
1333 2183 1501 2224 probasse,
1519 2183 1606 2222 quod
1625 2183 1763 2214 uberem

1065 2238 1099 2264 et
1116 2235 1208 2264 velut
1235 2233 1398 2263 divinitus
1424 2232 1590 2261 indultam
1613 2231 1763 2270 fingendi

1063 2283 1234 2313 licentiam
1252 2292 1293 2312 eo
1317 2281 1380 2311 sibi
1398 2281 1616 2319 adsciverint,
1633 2291 1696 2311 non
1714 2282 1763 2312 in·

1064 2333 1133 2362 vito
1147 2333 1246 2369 vulgo
1257 2330 1473 2361 mstimationi
1487 2340 1601 2361 eorum
1617 2330 1763 2362 subscri-

1064 2381 1178 2412 bente.
1203 2382 1300 2412 Idem.

1108 2430 1221 2469 Furor]
1247 2431 1284 2460 Id
1306 2434 1370 2468 est,
1395 2430 1539 2461 furentis
1561 2430 1661 2461 animi
1679 2432 1763 2462 vati-

1063 2480 1199 2510 cinatio.
1224 2480 1345 2509 Clurcr.
1368 2479 1423 2510 >lie
1441 2479 1542 2510 Ovid.
1565 2481 1573 2496 ‘
1591 2481 1652 2511 Est
1669 2481 1761 2511 Deus

1064 2529 1095 2558 iu
1125 2529 1235 2568 nobis,
1264 2535 1339 2559 sunt
1370 2534 1404 2559 et
1429 2530 1634 2560 commercia
1665 2531 1758 2561 coeli:

1063 2580 1207 2611 Sedibus
1227 2580 1382 2610 aetbereis
1410 2580 1547 2620 spiritus
1573 2581 1629 2611 ille
1646 2581 1762 2613 venit.'

1109 2630 1270 2661 Humanas
1285 2629 1402 2669 sensus]
1428 2630 1519 2660 Nihil
1537 2631 1625 2661 enim
1643 2631 1761 2663 borum

1065 2679 1205 2720 relinqui
1224 2679 1255 2709 in
1285 2679 1484 2710 adllatorum
1503 2681 1695 2720 pectoribus
1713 2683 1761 2712 vi·
