1763 3116
442 181 492 210 lN

9 278 226 318 levessrondes
243 286 308 309 non
324 276 398 308 levis
418 284 494 305 aura
516 273 606 303 idem
621 271 717 302 Vati-

13 340 116 362 canus
130 329 231 360 nihilo
248 327 406 357 deterius.
430 324 475 354 D.
493 323 606 353 Heius.

58 380 173 411 Crebro
197 375 351 419 pulsatus]
375 374 467 406 Niliil
491 373 601 403 verius
618 381 715 413 qnam

12 431 184 469 scripsisse
208 426 450 457 Claudianum:
488 424 618 462 Flagrat
634 433 718 463 opus,

11 479 115 511 crebro
127 478 217 518 pulsu
228 486 277 506 cos
287 475 456 515 perstrepit
473 475 547 504 icta.
571 473 718 504 Medita-

15 535 71 561 tur
85 528 205 569 quibus
222 526 328 557 modis
346 535 438 556 suem
455 529 640 556 mactatam
654 524 718 554 dis-

11 580 151 621 pertiat,
172 582 207 609 et
224 577 336 617 epulis
365 575 602 607 accommodet
619 575 719 606 Hosi-

12 640 64 669 us,
76 639 118 660 ne
134 629 261 660 otiosus
276 627 320 658 sit
337 627 490 664 interim,
508 630 544 657 et
561 630 598 657 ut
611 626 720 656 culter

11 679 195 712 culinarins
223 678 285 709 fiat
313 676 499 715 subactior,
547 685 623 707 eum
652 675 721 706 coti

13 731 199 763 identidem
216 729 419 770 impingere.
448 727 564 759 Barth.

55 785 116 814 451
145 781 295 811 Contexit
318 778 438 818 varius]
472 779 608 810 Texitur
623 780 653 808 et
669 787 721 808 va·

13 833 78 863 rius
87 834 254 870 excerpta
264 828 457 868 Pomponii.
470 828 632 858 Barthius
646 827 724 857 Con-

13 882 96 911 texit
112 880 242 911 verubus
252 880 314 909 hoc
330 879 404 909 loco
420 878 516 917 legit,
528 881 562 908 et
575 877 725 907 Contexti

12 932 47 961 in
73 929 285 961 Adversariis
312 938 355 958 ex
380 928 582 958 Claveriano
614 927 721 957 libro:

15 979 184 1020 superiori
201 988 299 1008 versu
316 977 406 1007 idem
422 978 515 1008 cultri
531 987 582 1008 cos
591 980 724 1016 perstre·

11 1032 81 1072 pit:
117 1028 264 1066 frustra;
301 1027 458 1058 secundis
491 1027 582 1057 curis
618 1026 722 1057 crebro

13 1082 105 1121 pulsu
120 1090 170 1110 cos
182 1079 353 1119 perstrepit
379 1078 457 1108 icta:
486 1079 643 1117 pulsatum
661 1087 722 1117 pro

12 1132 105 1171 pulsu
128 1130 220 1170 poni,
240 1129 312 1168 jam
341 1127 382 1158 ab
409 1127 483 1158 aliis
511 1127 722 1157 animadver-

18 1191 109 1213 sum:
127 1179 277 1218 contexit,
287 1177 452 1219 quomodo
466 1177 616 1208 subtexit.
628 1177 723 1217 Virg.

18 1231 91 1262 AEn.
106 1240 159 1262 111.
182 1230 190 1246 ‘
206 1230 387 1260 intremere
400 1237 533 1258 omnem
546 1227 724 1258 Murmure

18 1281 239 1319 Trinacriam,
255 1284 291 1310 et
315 1279 437 1309 coelum
464 1277 648 1308 subtexere
674 1276 725 1307 t'u-

20 1331 95 1362 mo!
132 1330 230 1361 Idem
256 1329 317 1360 lib.
344 1338 396 1360 xx.
428 1329 437 1345 ‘
454 1327 600 1358 fundunt
626 1327 726 1357 simul

21 1381 171 1422 undique
197 1380 266 1411 tela
292 1378 422 1410 Crebra
445 1377 530 1407 nivis
556 1377 638 1413 ritu,
661 1385 727 1406 coe-

22 1432 159 1471 lumque
184 1428 361 1459 obtexitur
389 1425 530 1457 umbra.’
578 1424 728 1455 Avienus

22 1478 260 1518 Descriptione
277 1476 399 1507 Orbis:
433 1476 442 1491 ‘
460 1474 641 1505 missilibus
658 1475 728 1504 late

22 1529 214 1560 subtexitur
228 1526 305 1557 aer?
344 1525 509 1556 Prudent.
533 1523 728 1563 Hamartig.

20 1581 29 1597 ⁴
45 1579 202 1619 sulphure
219 1586 295 1607 cum
315 1576 389 1616 jam
413 1573 579 1605 Nimboso
604 1573 729 1612 ignitus

22 1630 143 1661 coelum
160 1626 354 1658 subtexitur
383 1623 472 1655 aer?
508 1623 564 1653 ubi
587 1622 729 1652 veterri-

23 1689 94 1710 mus
110 1678 197 1709 liber
215 1675 421 1707 Bodleianus
438 1673 630 1704 contexitur.
655 1673 729 1703 Sta-

22 1731 102 1769 tius,
120 1728 271 1760 Hercule
286 1728 437 1757 surrent.
459 1724 468 1741 ‘
483 1728 652 1755 nocturna
664 1732 730 1753 coe·

23 1782 92 1812 lum
109 1779 302 1811 subtexitur
319 1776 456 1807 umbra!
478 1774 592 1814 Silius,
608 1773 667 1803 lib.
682 1782 730 1804 iv.

24 1832 33 1848 ⁴
58 1830 197 1870 Libycae
229 1831 363 1859 certant
393 1825 577 1857 subtexere
608 1832 732 1854 cornus

26 1880 138 1911 Densa
156 1878 245 1909 nube
263 1875 398 1918 polum!
424 1875 554 1908 Noster
571 1874 629 1905 lib.
648 1883 672 1905 1.
689 1873 731 1904 de

24 1929 114 1961 laud.
129 1928 258 1959 Stilich.
291 1928 300 1944 ‘
317 1926 444 1957 Poenus
458 1924 584 1965 jaculis
601 1922 732 1954 obtexi-

26 1985 81 2012 tur
99 1980 180 2011 a'er.y
206 1984 308 2020 atque
326 1978 374 2008 ita
391 1986 493 2018 saepe.
518 1977 561 2007 D.
577 1974 689 2006 Heius.

70 2032 220 2062 Penetrat
247 2027 434 2068 Calcedona]
468 2026 592 2058 Vicina
621 2025 734 2056 admo-

28 2082 107 2113 dum
125 2092 166 2112 ea
182 2080 271 2112 Urbs
288 2077 600 2118 Constantinopoli.
616 2076 733 2108 Barth.

70 2134 133 2162 452
161 2132 239 2162 Ecce
254 2130 327 2160 levis
339 2129 485 2169 frondes]
508 2128 659 2159 'l‘errore
676 2136 734 2158 ex-

28 2183 214 2214 animatum
259 2181 485 2211 miserrimum
532 2179 735 2210 bellatorem

29 2232 126 2271 dicit,
157 2242 255 2273 quem
288 2231 508 2261 interemtum
538 2238 614 2259 cum
646 2227 736 2258 omni

30 2293 88 2315 sua
105 2284 205 2323 copia
217 2282 294 2313 dolo
309 2281 427 2312 Gainis
442 2284 608 2311 memorat
625 2278 737 2309 deser-

31 2338 99 2365 tum
128 2334 294 2364 Zosimus.
339 2331 394 2362 Ad
414 2331 597 2371 strepitum
624 2334 737 2360 autem

29 2382 184 2416 foliorum
216 2385 335 2415 timore
367 2382 522 2423 percelli,
551 2379 738 2420 descriptio

33 2439 83 2465 est
94 2435 264 2465 hominum
279 2437 431 2463 extreme
448 2430 737 2462 meticulosorum.

36 2483 133 2515 Idem.

77 2537 137 2565 455
157 2533 299 2573 Integer]
319 2534 459 2564 lllaesus.
478 2531 658 2563 Formidine
671 2540 739 2560 sau-

35 2584 115 2615 cium
129 2584 216 2624 quod
232 2585 333 2623 dixit,
351 2583 487 2623 Apuleii
502 2581 639 2612 infinitis
656 2580 740 2611 locis

39 2636 165 2675 poterit
181 2635 349 2674 illustrari,
366 2635 423 2676 qui
448 2633 547 2664 saucii
563 2643 680 2664 vocem
697 2632 739 2663 ad

41 2686 186 2716 animum
203 2685 419 2723 perlubenter
436 2684 554 2716 refert.
581 2684 679 2714 Idem.

84 2737 146 2767 -156
172 2733 250 2770 Quis
274 2735 332 2765 tibi.
357 2735 548 2776 tractandos]
568 2735 741 2777 Tanquam

531 176 823 209 EUTROPIUM
858 175 953 205 LIB.
987 175 1039 203 ΙΙ.

1356 161 1470 202 1495

768 270 940 301 foeminam
959 266 1154 308 alloquitur.
1183 265 1270 297 Haec
1284 265 1373 295 enim
1391 267 1472 296 talia

769 321 832 352 viri
849 318 1065 359 imperabant
1081 316 1291 347 mulieribus.
1314 315 1414 345 Idem.

809 373 872 401 457
897 369 981 400 Solio
1003 367 1103 407 avito]
1129 366 1194 398 Ubi
1218 364 1341 396 sedens
1364 365 1473 395 lanam

767 419 992 458 carminabas,
1009 417 1236 457 sederuntque
1265 419 1357 446 retro
1373 415 1476 454 majo-

768 479 823 500 res
840 470 900 500 tui.
928 469 1025 499 Idem.

810 521 874 549 458
904 518 1067 549 Laudabat
1095 516 1234 547 carmina
1259 513 1359 552 tutus]
1391 513 1476 544 Erat

770 569 860 600 enim
878 567 1063 609 praefectus
1086 565 1308 605 lanificorum,
1323 567 1361 594 ut
1384 572 1478 603 mag·

770 629 862 660 num,
877 630 896 650 a
913 618 1083 650 natalibus
1098 622 1134 649 et
1149 616 1220 648 avis
1243 615 1324 654 suis,
1346 622 1478 645 eorum-

770 680 835 711 que
852 669 1003 701 carmiua
1019 667 1192 706 laudabat,
1203 675 1280 697 cum
1296 664 1385 696 belle
1400 664 1478 694 lana

773 724 974 760 pecteretur
1001 723 1059 749 aut
1081 718 1274 748 duceretur.
1329 714 1480 746 Omnino

773 770 862 801 enim
875 768 1134 809 intelligendum
1147 775 1285 798 carmen
1296 763 1482 802 lanificum,

774 821 863 861 quod
874 820 1056 851 illustravit
1068 819 1176 850 Janus
1190 814 1480 854 Gulielmius,Ve-

775 870 960 902 risimilium
977 879 1033 900 ιιι.
1050 872 1103 900 20.
1126 867 1243 898 Barth.

818 922 981 952 Laudabas
995 920 1136 952 carmina
1147 917 1247 957 tutus]
1269 917 1326 948 Sic
1339 915 1480 956 scripti:

775 972 875 1012 vulgo
901 971 1048 1002 carmine.
1100 968 1200 1000 Unde
1228 965 1483 1006 Raphelengius

773 1021 899 1051 ludebas
932 1020 1080 1058 carmine,
1118 1018 1226 1048 male:
1252 1020 1408 1047 texentes
1448 1020 1485 1046 ut

774 1071 955 1110 plurimum
969 1068 1153 1100 canebant.
1171 1065 1273 1098 Ovid.
1287 1066 1310 1098 l.
1323 1074 1372 1096 ιν.
1382 1065 1484 1096 Trist.

774 1121 827 1152 El.
842 1124 870 1153 1.
888 1122 896 1137 ‘
907 1120 1085 1152 Cantantis
1097 1118 1238 1159 pariter,
1257 1116 1389 1157 pariter
1404 1116 1487 1146 data

775 1181 881 1212 pensa
897 1171 1064 1203 trahentis
1079 1169 1226 1201 Fallitur
1242 1168 1375 1199 ancillae
1392 1166 1484 1198 deci-

775 1223 935 1263 piturque
951 1220 1072 1252 labor.’
1119 1219 1186 1250 Sed
1202 1223 1238 1249 et
1253 1218 1403 1249 carmina
1423 1226 1486 1257 pro

777 1271 1075 1304 cai-minationibus
1102 1270 1188 1301 sumi
1215 1273 1370 1310 possunt,
1396 1277 1415 1298 a
1432 1276 1487 1299 ca-

778 1323 895 1354 rendo.
926 1322 1065 1353 Lucret.
1087 1321 1096 1337 ‘
1113 1319 1207 1361 quasi
1234 1318 1385 1350 carmine
1411 1317 1489 1348 lana

778 1371 968 1402 trahatur!
1001 1376 1039 1402 ut
1065 1370 1201 1411 quidam
1228 1369 1368 1409 legunt:
1393 1365 1486 1408 apud

781 1420 954 1450 Nasonem
980 1420 1088 1448 Trist.
1107 1427 1141 1448 v.
1159 1419 1211 1449 El.
1228 1421 1259 1448 3.
1284 1427 1326 1448 ex
1347 1420 1486 1448 vetusto

780 1469 920 1499 codice:
942 1469 951 1484 ‘
969 1468 1110 1499 Scilicet
1135 1467 1222 1498 hanc
1239 1467 1350 1507 legem
1365 1470 1489 1498 nentes

780 1517 900 1548 fatalia
915 1517 1037 1548 Parcae
1051 1517 1224 1555 Carmina,
1240 1516 1291 1547 bis
1308 1516 1423 1557 genito
1438 1516 1489 1546 bis

780 1568 938 1599 cecinere
956 1567 1040 1598 tibi.'
1088 1567 1127 1597 Iu
1144 1567 1254 1597 veteri
1269 1565 1491 1606 inscriptione

781 1617 869 1658 apud
886 1617 1087 1656 Gruterum,
1108 1625 1258 1656 p.ncr.v.
1284 1624 1329 1646 ΕΝ
1353 1624 1427 1647 noc
1451 1625 1489 1646 ιΝ

780 1676 931 1700 TUMULO
955 1675 1122 1698 cusanam
1150 1674 1279 1696 uos‘rm
1308 1673 1491 1696 coaporus

782 1726 944 1750 lursss'rAE
961 1725 1090 1749 PARCAE
1105 1723 1390 1747 DEPOSIVERUNT
1407 1723 1493 1746 CAR-

783 1778 890 1801 ΜιΝΕ.
928 1768 1014 1800 Quae
1030 1766 1072 1798 ad
1086 1765 1368 1798 cai-minationem
1382 1763 1492 1795 refer:

783 1829 974 1861 quanquam
998 1823 1033 1848 et
1056 1818 1183 1848 Parcas
1200 1816 1290 1847 inter
1306 1813 1495 1845 lanificium

784 1874 949 1902 canentes
976 1867 1049 1899 fata
1077 1866 1189 1908 poetae
1216 1864 1428 1896 describunt.
1456 1867 1495 1894 ut

785 1922 818 1953 in
835 1922 900 1953 illis
917 1919 1138 1953 Catullianis:
1174 1919 1183 1934 ⁴
1203 1918 1290 1949 Haec
1307 1921 1379 1948 tum
1399 1916 1497 1947 clari·

785 1981 868 2003 sona
883 1971 1053 2012 pellentes
1075 1969 1204 1999 vellera
1228 1977 1311 1998 voce
1335 1966 1430 1998 Talia
1446 1966 1497 1997 di·

786 2024 863 2054 vino
879 2022 1042 2053 fuderunt
1058 2019 1208 2052 carmine
1225 2018 1322 2049 fata.y
1359 2018 1497 2048 Fortas-

786 2075 831 2105 sis
864 2078 976 2104 tamen
1001 2069 1216 2103 scribendum
1242 2069 1277 2098 in
1305 2065 1496 2099 Claudiano

786 2123 934 2155 laudabas
956 2121 1102 2153 stamina.
1161 2120 1377 2159 Frequenter
1405 2116 1496 2148 enim

786 2175 837 2206 hae
854 2174 930 2205 duae
947 2182 1049 2204 voces
1066 2171 1155 2202 inter
1171 2179 1207 2200 se
1225 2166 1497 2199 confunduntur.

788 2226 830 2256 de
841 2234 907 2266 quo
921 2223 963 2254 ad
980 2222 1152 2254 Nasonem
1164 2218 1326 2250 nonnihil.
1343 2217 1392 2248 sic
1408 2216 1498 2257 apud

789 2275 1024 2316 Propertium,
1048 2273 1069 2304 l.
1087 2282 1135 2303 lv.
1150 2271 1249 2311 Eleg.
1265 2273 1297 2300 7.
1321 2271 1329 2286 ‘
1346 2267 1495 2299 fatorum

789 2327 872 2359 nulli
900 2324 1086 2357 revolubile
1115 2320 1258 2353 stamen’
1283 2318 1409 2359 corrigi
1441 2316 1500 2348 de-

791 2378 861 2410 bet.
890 2376 933 2407 In
949 2374 1070 2407 codice
1085 2372 1194 2413 Regio
1210 2370 1349 2402 tramina
1361 2368 1498 2409 legitur.

791 2429 841 2460 D.
860 2427 971 2459 Heius.

833 2481 897 2510 459
923 2476 1059 2515 Frigora
1074 2472 1202 2513 mensis]
1228 2472 1340 2503 Pensis
1356 2468 1499 2510 conjicit

791 2531 836 2560 V.
863 2529 914 2559 Cl.
932 2526 1097 2557 Albertus
1116 2522 1314 2555 Rubenius:
1345 2519 1435 2562 quod
1463 2523 1499 2549 et

791 2578 952 2611 Barlhius
962 2577 1110 2614 viderat,
1121 2574 1210 2606 curis
1224 2572 1407 2613 prioribus;
1422 2578 1500 2600 nam

792 2629 1000 2671 posteriores
1024 2627 1058 2657 in
1081 2624 1289 2657 contrarium
1313 2625 1409 2660 eunt,
1425 2628 1501 2660 per-

794 2690 924 2722 peram.
950 2679 1048 2709 Idem.

838 2731 975 2772 Mcnsis]
1008 2728 1165 2771 Ingluvie
1196 2735 1272 2757 cum
1303 2723 1376 2764 ipso
1413 2720 1499 2752 Solis
