1763 3116
446 159 510 190 DE
542 157 608 188 Vl.
639 154 777 186 coNS.
808 153 994 186 HONOR.

42 257 108 288 Sua
119 255 266 296 membra]
283 253 551 296 Elegantissime.
576 249 696 280 Omnis

1 308 90 338 enim
122 307 247 338 Alarici
275 315 362 346 epea,
386 303 533 339 fortuna,
559 305 595 331 et
624 299 697 339 ipsa

0 358 70 390 vita
86 357 316 390 consistebant
331 356 365 385 in
381 354 443 384 hoc
464 352 582 390 milite,
597 359 697 390 quom

0 408 179 438 cedentem
207 405 336 442 videm,
362 413 455 433 suurn
477 400 542 432 sibi
567 400 697 439 saugui-

1 466 77 488 nem
91 457 253 488 decedere
270 452 555 485 velutseutiebat.
583 450 695 482 Barth.

42 510 104 537 259
130 505 272 546 Cybeleia
299 503 378 543 zera]
441 501 698 539 Tintinnabula,

0 556 150 597 qualibus
166 555 365 596 strepebant
387 554 504 584 matris
521 553 630 583 Deum
649 551 697 581 illi

1 607 130 647 egregii
145 607 338 637 sacerdotes
356 605 517 636 semiviri.
541 604 640 635 Idem.

39 660 96 688 261
129 657 259 688 Tinnitu
284 656 427 695 conatur]
465 656 601 685 Conatus
623 662 698 684 curu

0 707 132 738 Tholos.
158 707 201 737 D.
224 707 333 737 Heius.

43 760 106 788 262
131 757 326 797 Exhaustus]
349 755 534 793 Fatigatus.
570 753 700 783 Videas

2 807 83 838 nillil
101 817 136 838 se
151 806 328 847 proficere.
355 806 468 836 Barth.

45 860 106 888 264
134 857 274 897 Perfida]
300 856 375 886 Non
393 854 482 885 enim
499 854 590 884 illam
606 852 649 883 de
665 862 700 883 se

3 916 98 946 spem
115 906 292 936 dederant.
317 905 415 934 Idem.

43 959 104 986 265
130 956 294 985 Proeclusoe
319 953 398 992 coci]
436 952 580 983 Maximi
610 952 700 982 enirn

0 1005 180 1038 affectuum
196 1006 358 1036 tumultus
381 1013 497 1034 vocem
514 1003 702 1043 praeclude-

3 1066 39 1088 re
54 1057 174 1088 solent.
198 1056 296 1086 Idem.

41 1109 104 1138 266
128 1107 232 1138 Frena
254 1107 349 1145 dolor,
374 1103 533 1144 notasque]
570 1102 610 1134 Τὸ
643 1113 701 1143 que

4 1158 119 1190 delent
135 1158 263 1198 scripti.
288 1158 332 1189 D.
351 1157 462 1187 Heius.

44 1209 154 1250 Alpes]
179 1209 335 1249 Illyricos
365 1212 495 1238 montes
526 1206 700 1246 iutelligit.

2 1259 87 1291 Illac
118 1260 207 1291 enirn
236 1259 369 1289 Ital'iam
397 1259 566 1297 ingressus
590 1255 701 1287 fuerat

3 1309 171 1349 Alaricus,
183 1309 325 1339 maxima
337 1308 446 1338 onmia
458 1316 517 1348 spe
532 1306 701 1347 complex-

4 1369 54 1390 us,
81 1360 194 1390 Barth.

46 1412 108 1440 269
133 1409 205 1440 Solo
226 1419 374 1449 peragens
389 1419 456 1439 cum
472 1417 626 1438 murmure
643 1406 702 1437 bel-

3 1461 81 1500 lum]
103 1460 358 1499 Solajnssionc,
375 1459 446 1489 solo
463 1463 555 1488 motu
577 1458 700 1497 linguae

3 1515 131 1549 strages
163 1508 263 1539 daret
299 1509 463 1548 undique,
500 1515 576 1537 cum
608 1507 702 1536 basta

4 1564 163 1601 protenta
188 1558 363 1599 frangeret
385 1557 543 1598 opposita
568 1556 702 1587 moenia.

3 1612 101 1642 Idem.

45 1665 108 1693 270
133 1660 245 1700 conto]
268 1659 571 1698 Barbaricahasta‚
586 1668 653 1700 qua
668 1663 704 1689 et

6 1713 40 1744 in
57 1723 143 1754 equo
159 1712 354 1743 utebantur.
379 1711 476 1741 Idem.

47 1766 110 1795 272
134 1763 250 1794 Debita
263 1761 448 1802 spectacula]
470 1759 609 1791 Nemesi
626 1769 703 1790 suas

5 1823 58 1845 res
72 1820 223 1855 gerente.
255 1812 450 1844 Credebant
466 1810 555 1842 enim
571 1815 702 1841 veteres

6 1863 69 1895 hoc
95 1873 217 1894 numen
246 1862 422 1894 vindicare
448 1861 560 1892 omnia
583 1871 704 1902 magua

9 1913 102 1945 dicta
117 1918 151 1944 et
164 1913 267 1944 facta.
292 1914 390 1944 Idem.

48 1967 110 1995 2⁷5
135 1963 324 2003 Nocentum]
372 1963 543 2001 Fatemur,
586 1961 705 2002 inquit,

7 2023 66 2045 nos
81 2013 219 2045 meritos
247 2014 333 2044 hanc
357 2013 501 2050 cladem,
529 2022 594 2042 non
614 2012 703 2042 enirn

10 2069 163 2096 nostrum
194 2069 268 2095 erat
299 2071 416 2095 contra
442 2063 514 2094 fata
544 2068 601 2094 tua
630 2063 703 2093 niti.

12 2115 110 2145 Idem.

52 2168 114 2196 278
140 2166 219 2195 Ante
234 2164 414 2203 tuumselix
429 2163 563 2202 aditum]
592 2162 707 2193 Infini-

10 2221 61 2246 tas
84 2224 164 2246 sane
181 2215 319 2245 divitias
337 2215 524 2253 collegerat
542 2213 707 2252 Alaricus,

11 2265 162 2305 spoliatis
180 2264 322 2304 Achaia,
338 2264 469 2302 Attica,
486 2264 612 2303 Epiris,
629 2263 707 2304 Illy-

12 2315 103 2353 rico;
127 2325 256 2356 quaque
281 2315 347 2346 iter
362 2315 539 2351 habuerat,
555 2324 618 2345 nec
634 2324 709 2355 par-

14 2376 53 2396 va
69 2371 140 2395 erat
157 2376 232 2396 cum
246 2366 372 2396 virtute
389 2365 419 2396 ei
436 2364 592 2396 felicitas.

59 2416 122 2446 Cen
137 2416 252 2454 legibus
267 2416 368 2456 exsut]
398 2416 482 2448 Jure
502 2416 596 2446 velut
623 2416 711 2446 ordi-

14 2465 106 2496 nario
122 2465 219 2496 Italia
236 2467 348 2506 pulsus
373 2466 415 2497 ob
431 2467 606 2497 commissa
631 2466 712 2496 saci·

16 2525 109 2546 nora.
134 2516 246 2547 Barth.

59 2568 122 2596 279
145 2566 311 2606 Addictus]
336 2567 470 2606 Poenae3
498 2567 710 2607 Lictorijaui

16 2616 172 2647 traditus.

64 2668 155 2698 flatu
169 2667 309 2707 propiore
331 2667 522 2708 sequentum]
552 2667 711 2708 Jamjam

1339 142 1448 186 1589

748 247 955 286 imminente,
970 246 1026 287 qui
1041 244 1317 286 comprehendat.
1333 245 1449 279 Barth.

790 302 854 329 280
880 299 957 333 Qua·
970 299 1072 338 prima
1088 297 1194 337 miser]
1224 296 1301 326 Non
1319 295 1450 328 invenit

749 350 838 380 unde
870 349 1010 389 incipiat
1050 348 1263 379 miseriarum
1295 346 1448 378 ordinem

748 401 911 440 incipere,
927 401 975 431 sic
993 399 1198 441 principium
1222 397 1450 428 canendarurn

748 451 882 482 laudum
908 460 974 481 non
1010 450 1160 481 invenire
1187 448 1273 479 dicit
1295 447 1451 478 Claudia-

747 511 821 541 nuS‚
838 511 862 532 1.
879 501 1009 532 Stilicb.

791 554 852 582 282
878 551 1051 591 cruciatis]
1078 550 1250 581 Crat-iustis
1267 548 1394 580 rectius
1410 548 1451 579 li-

749 601 824 631 bri:
859 611 919 642 pro
945 605 1044 641 captoe
1069 602 1155 631 male
1181 603 1280 640 raptae
1306 598 1449 638 Raphel.

749 651 832 681 Mox
850 652 926 690 lego
946 651 1024 682 Fors
1041 650 1159 690 tulerit,
1177 650 1228 680 vcl
1253 649 1324 679 siue
1347 648 1452 679 libris.

750 702 793 732 D.
811 702 923 733 IIeins.

793 754 856 781 288
880 751 1012 782 Finibus
1027 751 1064 781 ab
1080 749 1246 790 Ligurum]
1277 749 1333 780 Sic
1350 748 1448 789 prim.

750 802 862 832 Vatic.
876 802 1041 842 quomodo
1055 801 1306 841 Raphclengius
1319 805 1353 830 et
1367 800 1451 829 Bar-

750 852 840 882 thius
858 862 899 882 ex
917 852 1124 891 conjectura.
1171 851 1303 892 Reliqui
1319 861 1338 880 a
1354 850 1451 889 Ligu·

749 911 829 931 rum.
875 902 985 940 'Vulgo
1009 904 1048 932 ad
1075 902 1240 940 Ligurum.
1268 900 1453 940 Complecti-

751 955 804 980 lui·
820 952 922 982 etiarn
940 952 1017 982 libri
1030 961 1156 982 omues.
1203 950 1335 981 Finibus
1349 949 1386 980 ab
1398 949 1453 980 Li-

749 1002 839 1040 guris
852 1002 1058 1032 Oiselianus.
1082 1002 1180 1032 Idem.

794 1054 856 1081 290
881 1051 1036 1090 Perpetuo
1077 1049 1195 1088 tractu]
1249 1047 1451 1088 Apenninus

752 1102 841 1133 enim
858 1102 1004 1132 mediam
1024 1106 1117 1133 secat
1134 1101 1283 1131 Italiam.
1315 1100 1431 1130 Barth.

795 1152 1003 1183 Discriminat
1011 1151 1148 1193 oequora]
1164 1150 1376 1182 Distermimrt
1385 1150 1453 1181 duo

751 1205 909 1236 Vaticani
926 1209 962 1235 et
978 1214 1062 1235 unus
1079 1203 1300 1244 Petav.quod
1317 1203 1452 1242 placet:

752 1255 798 1285 ita
815 1260 851 1286 et
868 1255 943 1285 libri
969 1260 1102 1286 veteres
1126 1254 1212 1284 libro
1234 1262 1258 1284 1.
1288 1253 1320 1283 in
1338 1251 1452 1284 Rufin-

753 1307 824 1336 175.
853 1305 899 1334 D.
913 1304 1024 1335 Heius.

794 1358 854 1385 291
882 1355 976 1385 Hunc
1001 1364 1056 1392 ego
1082 1352 1275 1392 concinnum]
1312 1352 1454 1383 Variant

754 1405 898 1444 scripti:
934 1414 1014 1434 vcra
1044 1404 1146 1434 lectio
1176 1403 1256 1439 huc,·
1285 1402 1453 1443 quomodo

754 1465 838 1485 unns
864 1455 1044 1485 Pulmauni
1070 1458 1105 1484 ct
1122 1459 1253 1493 septem
1283 1452 1453 1483 enostris.

756 1505 841 1535 Haec
872 1514 915 1534 cx
952 1505 1151 1545 conjectura
1192 1503 1454 1543 Raphelengius.

755 1556 849 1585 l'nus
866 1556 966 1585 ctiam
993 1555 1152 1585 Amin-os.
1178 1554 1320 1583 continuo
1345 1563 1455 1583 cursu:

754 1607 812 1637 sed
842 1606 951 1642 ruale3
990 1605 1036 1635 sic
1056 1604 1170 1642 sugam
1200 1604 1324 1633 tendere
1353 1603 1455 1642 paulo

756 1662 846 1697 post.
892 1655 932 1686 In
952 1653 1271 1694 Rottendorphiano
1298 1653 1368 1683 hinc
1379 1662 1458 1690 ego,-

757 1718 821 1748 quo
836 1711 871 1737 et
887 1707 983 1737 multi
1001 1711 1134 1736 veteres
1151 1703 1319 1741 alludunt,
1336 1703 1368 1732 in
1386 1702 1457 1743 qui-

756 1759 816 1789 bus
836 1759 910 1789 Hic.
940 1758 1049 1788 ‘Haec
1077 1764 1282 1793 memorans,
1309 1754 1456 1784 instante

756 1808 868 1850 fugam
883 1808 1069 1840 Stilichone
1086 1805 1258 1837 tetendit?
1297 1804 1396 1834 Idem.

798 1863 860 1891 ⁶293
884 1861 959 1890 Jam
993 1860 1153 1898 desperata
1176 1854 1350 1894 voluissem]
1382 1853 1457 1884 Imo

757 1911 917 1941 valuissem
942 1919 1017 1939 cum
1045 1907 1163 1938 eodem
1194 1905 1353 1936 Ambros.
1390 1913 1457 1934 nno

755 1962 878 1992 Petav.
896 1970 963 1991 sec.
976 1959 1087 1989 Vatic.
1098 1962 1133 1988 et
1148 1956 1363 1988 Faruesiano.
1386 1954 1456 1985 De-

756 2011 835 2042 inde
851 2011 975 2048 mnjore,
992 2019 1056 2039 non
1071 2009 1205 2045 meliore,
1221 2005 1351 2046 scripti.
1388 2004 1458 2034 Pro

756 2061 893 2092 omnibus
907 2059 1039 2100 perustis
1054 2057 1246 2089 Oisclianus
1267 2060 1303 2085 et
1327 2054 1457 2084 Palati-

758 2121 818 2142 nus
845 2121 905 2151 pro
931 2110 1065 2140 diversa
1095 2108 1251 2145 lectione,
1280 2104 1460 2145 peremptis.

759 2162 857 2193 Idem.

801 2213 863 2241 294
890 2210 988 2240 Fama
1004 2206 1142 2245 meliore]
1168 2207 1215 2237 Ut
1232 2210 1311 2235 ante
1329 2203 1459 2234 obitum

761 2265 872 2291 tumen
888 2270 978 2299 aegrc
995 2258 1124 2289 faciens
1140 2255 1305 2294 hostibus,
1318 2260 1353 2285 et
1369 2255 1460 2284 ultus

761 2320 857 2341 suuni
873 2320 1000 2341 casum.
1022 2309 1141 2339 Barth.

803 2365 864 2392 295
891 2360 1024 2400 Propius
1047 2359 1092 2398 te]
1114 2359 1161 2389 Ut
1184 2357 1239 2387 vel
1260 2356 1331 2386 solo
1349 2360 1461 2385 trucu-

761 2412 854 2442 lento
881 2414 1023 2451 aspectu
1054 2409 1214 2439 satiarem
1244 2406 1370 2444 odium,
1395 2415 1461 2446 quo

762 2461 932 2492 excidium
950 2461 1012 2491 tibi
1031 2468 1199 2489 voveram.
1225 2457 1319 2486 Idem.

805 2516 868 2544 299
894 2512 1078 2550 lfa-sertum]
1093 2511 1280 2546 Proxutuni,
1292 2511 1462 2548 paratum,

762 2563 803 2594 ab
822 2562 1023 2603 pugnaturis
1042 2560 1179 2590 brachio
1193 2564 1342 2589 exserto.
1383 2557 1463 2586 Om-

763 2617 820 2647 nia
851 2620 963 2645 autern
997 2613 1193 2643 discrimina
1230 2610 1293 2640 sibi
1330 2609 1462 2648 objecta

764 2665 896 2706 spernit
913 2664 1070 2696 Alaricus
1098 2672 1168 2704 prae
1185 2672 1226 2693 eo
1250 2660 1340 2702 quod
1366 2668 1400 2689 sc
1419 2657 1461 2687 vi-
