1763 3116
358 159 420 189 DE
454 157 618 188 RAPTU
651 155 974 186 PROSEm’tNAE
1009 155 1102 184 LIB.
1136 155 1188 185 11.

50 260 98 282 ιν.
121 251 130 267 ‘
149 251 275 282 Domus
290 254 361 282 tota
384 249 484 281 lauris
502 248 623 287 obsita,
647 247 744 278 taedis

49 301 176 340 lucida,
222 299 462 339 constrepebat
499 296 745 337 Hymenaeum!

50 351 251 391 Hesychius,
265 348 428 387 Ὑμέναιος,
443 346 552 386 γάμος,
572 346 591 383 ἢ
607 346 666 385 ᾠδὴ
683 347 745 377 ἐπι-

46 399 165 438 γάμιος.
212 399 304 430 Nibil
322 397 534 438 frequentius
553 397 641 437 apud
659 397 744 427 1)οὸ-

48 456 98 481 tas
115 450 264 482 occurrit
288 450 350 479 hac
372 449 552 488 Hymenaei
576 447 745 486 significa-

47 500 158 531 tione:
194 508 360 538 personare
388 498 590 538 Hymenavn,
617 498 745 528 Statius

47 549 269 580 Genetliliaco
280 549 425 579 Lucani:
451 550 459 566 ‘
476 549 520 579 Et
534 553 664 579 vestros
676 548 746 587 Hy-

44 607 196 629 nienaeon
214 603 292 629 ante
310 604 424 638 postes
450 599 562 629 Festis
588 599 744 629 cantibus

45 648 117 688 ipsa
144 649 357 689 personabo.'
404 650 523 679 Canere
552 648 745 688 Hymenoeon

45 700 137 732 Naso
155 700 295 730 Metam.
314 709 381 730 xii.
405 701 413 716 ⁴
428 700 518 730 Ecce
534 704 659 730 canunt
674 699 744 738 Hy-

44 758 212 788 menaeon,
242 754 276 780 et
309 750 444 789 ignibus
476 750 563 780 atria
593 749 746 779 fumant.'

45 800 166 830 Senec.
192 799 351 830 Troadib.
374 799 575 830 ‘Tritonum
605 799 647 829 ab
679 799 745 829 alto

45 849 169 880 cecinit
183 849 407 889 Hymenaeum
421 849 561 879 chorus!
584 850 628 879 D.
647 849 746 879 Hein-

44 900 119 929 sius.

88 948 383 988 Nimbis,flammae]
395 949 474 979 Duo
487 948 559 978 baec
576 948 746 978 elementa

44 996 125 1029 dicit
138 997 245 1028 foedus
259 998 409 1038 nuptiale
423 997 638 1028 confirmasse
656 998 745 1028 inter

43 1048 284 1088 Proserpinam
301 1052 336 1078 et
353 1048 547 1086 Plutonem,
563 1047 745 1087 respiciens

44 1098 85 1128 ad
108 1098 219 1137 ignem
244 1103 277 1129 et
303 1107 425 1138 aquam
448 1097 603 1138 praeferri
628 1097 746 1128 solitos

43 1149 251 1180 nubentibus
267 1149 398 1189 priscis.
423 1149 539 1180 Barth.

87 1200 278 1240 Hymcnoeus
294 1200 434 1240 Intonat]
452 1199 528 1230 Hoc
543 1204 661 1230 contra
676 1200 746 1230 vul-

45 1260 159 1291 garem
177 1251 383 1291 opinionem,
406 1261 482 1281 nam
505 1252 674 1291 sponsalia
699 1256 745 1282 to-

42 1302 134 1332 nitru
164 1301 446 1341 impediebantur.
492 1302 585 1332 Serv.
623 1301 663 1331 ad
695 1310 745 1331 iv.

43 1350 175 1381 JEneid.
199 1351 207 1367 ‘
225 1351 342 1381 Prima
357 1356 392 1381 et
407 1351 523 1381 Tellus
541 1355 575 1380 ct
593 1350 747 1390 pronuba

43 1401 134 1432 Juno
148 1402 243 1431 Dant
255 1400 386 1439 signnm
401 1404 419 1431 :’
443 1400 501 1430 sed
516 1410 567 1431 res
581 1401 682 1431 etiam
699 1401 746 1430 in·

44 1454 143 1481 sueta
158 1450 375 1481 describitur.
399 1450 543 1489 Dempst.

86 1502 145 1530 231
176 1500 440 1539 Testesflammoe]
474 1499 562 1531 Quia
589 1498 597 1514 ‘
616 1499 745 1538 nuptia}

44 1559 110 1579 non
126 1548 266 1587 fiebant,
292 1548 354 1577 nisi
371 1557 491 1588 aquam
517 1552 552 1577 et
580 1547 693 1587 ignem
711 1547 745 1577 in

43 1599 156 1630 limine
187 1598 466 1638 conjunxissent!
512 1598 606 1628 Naso
631 1606 670 1627 11.
702 1597 745 1628 de

44 1649 152 1680 Arte:
178 1650 187 1666 ‘
206 1650 297 1681 Quos
314 1647 440 1678 faciunt
459 1647 571 1687 justos
598 1647 685 1687 ignis
710 1652 746 1678 et

43 1698 133 1729 unda
147 1698 258 1729 viros.’
304 1698 399 1728 Serv.
417 1697 458 1727 ad
477 1706 525 1728 ιν.
543 1698 616 1728 AEn.
641 1698 650 1713 ‘
669 1697 746 1726 Ful-

43 1758 117 1779 sere
141 1748 237 1788 ignes
254 1751 289 1778 et
311 1747 465 1778 conscius
488 1747 596 1777 aetlier
613 1747 746 1777 Connu-

43 1798 112 1830 bii.'
142 1799 282 1829 Flaccus
294 1797 484 1838 Argonaut.
501 1797 555 1827 lib.
570 1806 647 1827 vui.
669 1797 678 1813 ‘
693 1796 747 1836 Ig-

44 1857 119 1879 nem
137 1848 260 1879 Pollux
273 1847 464 1887 undamque
481 1846 634 1886 jugalem
652 1846 746 1877 Prae-

46 1898 154 1929 tulitz’
179 1899 220 1929 de
246 1898 372 1939 nuptiis
397 1896 533 1928 Medeae
551 1901 586 1927 et
603 1897 747 1929 Jasonis.

44 1947 100 1978 De
113 1948 228 1978 Stellae
242 1952 275 1978 et
290 1946 493 1977 Violautillae
507 1946 646 1986 nuptiiS,
659 1947 747 1977 Stat.

45 1998 104 2028 lib.
121 2007 145 2028 1.
168 1998 249 2029 Silv.
266 2001 296 2028 2.
314 1998 421 2037 princ.
457 1996 548 2027 Hinc
571 1997 580 2012 ‘
599 2006 686 2036 aqua
713 2000 748 2026 et

45 2048 134 2087 ignis
159 2049 300 2079 comites
316 2047 484 2086 Veneris(
513 2057 555 2077 ex
582 2048 749 2087 Varrone,

45 2099 103 2130 lib.
121 2108 170 2129 iv.
195 2099 235 2128 dc
251 2098 332 2137 ling.
359 2098 434 2127 Lat.
450 2096 599 2127 'rm-neb.
618 2105 677 2128 xx.
695 2100 747 2127 26.

46 2154 79 2179 et
97 2149 186 2189 apud
203 2149 236 2180 J.
254 2149 292 2179 C.
309 2150 328 2179 I.
348 2149 455 2178 Coelia.
472 2146 576 2187 66.ff.
593 2148 629 2176 de
643 2148 747 2177 donat.

46 2200 103 2231 int.
120 2199 177 2229 vir.
199 2203 229 2230 (ἰ
246 2209 336 2229 uxor.
361 2199 370 2215 ‘
388 2198 550 2237 excipere
567 2197 748 2236 conjugem

48 2259 135 2290 aqua
148 2254 182 2280 et
200 2249 289 2289 igni‚’
306 2250 367 2280 boc
385 2254 450 2287 est,
467 2249 604 2278 ducere.
628 2247 746 2287 Cujac.

45 2299 102 2331 lib.
116 2308 166 2330 ιι.
185 2299 329 2330 observ.
341 2309 415 2339 cap.
430 2302 461 2330 2.
479 2298 625 2328 rationes
638 2297 748 2328 varias

48 2353 128 2388 pete
145 2358 187 2378 ex
205 2349 295 2380 Plut.
312 2349 420 2388 probl.
437 2358 514 2388 cap.
533 2351 561 2378 1.
587 2347 684 2379 Idem.

92 2401 154 2429 234
178 2398 230 2429 Sis
240 2399 368 2438 memor]
383 2399 658 2429 Valedicentium
673 2409 751 2438 vox,

49 2447 273 2478 miserabilem
292 2448 538 2488 quodammodo
561 2448 749 2479 absentiam

49 2497 233 2527 insinuans.
258 2498 374 2528 Barth.

93 2551 157 2579 236
181 2548 314 2588 Imperio
325 2549 406 2579 vinci
418 2549 545 2588 majore]
568 2549 636 2579 Hic
651 2550 750 2589 plane

52 2599 222 2638 comperio
237 2598 314 2628 Θεοῦ
331 2598 412 2637 βίαν,
438 2608 513 2639 quae
530 2599 636 2639 major
652 2609 751 2640 quam

52 2649 106 2679 cui
124 2648 232 2678 resisti
248 2649 364 2688 possit.
390 2650 510 2679 Claver.

96 2699 159 2730 239
193 2698 412 2740 AEqualemque
438 2698 576 2741 chorum]
611 2699 751 2732 Rectius

1386 147 1497 189 1657

797 257 895 288 qnam
922 248 1126 287 AEqualesque
1151 247 1257 277 choros
1280 247 1369 278 libri.
1395 249 1497 281 Ovid.

796 306 844 328 lv.
862 298 955 327 Fast.
982 297 1014 326 in
1038 297 1099 327 hac
1124 295 1259 327 fabula:
1285 297 1294 313 ‘
1314 296 1361 326 At
1379 298 1498 329 chorus

795 347 934 387 aequalis
949 346 1128 376 cumulatis
1139 345 1221 376 flore
1234 345 1405 385 canistris,
1416 346 1499 377 Per-

796 397 959 436 sephone,
984 395 1168 426 clamantz’
1209 396 1266 426 ubi
1295 396 1381 426 malc
1409 405 1498 427 nunc

795 446 921 485 legitur
952 446 1113 476 cumulata?
1134 445 1216 485 flore
1244 445 1408 476 ministram
1456 446 1498 477 D.

797 496 916 526 Heius.

839 548 901 575 2-10
926 545 1096 576 Damnat-ic
1127 546 1230 576 sidera
1261 545 1360 585 lactu]
1398 546 1498 577 Meus

796 594 881 625 liber
902 595 1098 635 damnarunt,
1121 605 1161 625 cx
1188 596 1320 625 illorum
1340 596 1498 635 opinione

795 644 851 684 qui
873 643 942 674 fata
968 645 1066 675 astris.
1094 645 1323 684 imputabant.
1371 646 1499 678 Lucan.

796 694 852 724 lib.
871 703 903 724 v.
929 696 937 710 ‘
957 699 991 724 et
1017 695 1126 725 adlmc
1143 695 1378 725 dubitantibus
1397 696 1496 727 astris

798 745 954 784 Pompeii
972 745 1132 775 damnare
1146 746 1272 786 caput.’
1298 747 1378 776 Mox
1390 746 1500 785 phare-

796 797 862 824 tras
878 804 943 824 non
954 795 1134 834 pharetram
1150 796 1280 835 scripti.
1306 797 1405 826 Idem.

839 848 900 875 2-13
926 846 1212 885 lS'ce1·iquefr·emant
1225 847 1337 886 leones]
1365 846 1500 877 Sarum-

797 904 853 933 que
871 895 996 925 Moreti
1014 896 1116 926 liber:
1142 897 1282 936 optime.
1315 898 1423 936 Supra
1440 896 1498 927 lib.

798 951 821 974 1.
846 945 854 960 ‘
867 944 1013 974 Stabant
1030 950 1108 975 ante
1125 945 1347 985 foresjnncti,
1361 955 1503 976 saevum-

797 1002 861 1033 que
874 992 1089 1025 fremebant?
1121 995 1227 1025 Plura
1241 995 1384 1025 diximus
1399 996 1501 1026 Cons.

797 1043 944 1082 Olybrii,
961 1054 1006 1075 vs.
1025 1047 1097 1076 119.
1128 1045 1317 1075 Habuimus
1329 1045 1400 1083 jam
1419 1048 1499 1075 ante

796 1093 859 1124 hoc
879 1094 966 1124 libro
994 1104 1036 1124 ex
1064 1094 1257 1134 potioribus
1274 1093 1499 1124 membranis:

797 1144 982 1183 Praesagum
997 1145 1131 1175 cecinere
1140 1144 1239 1182 sores.
1263 1143 1370 1174 Idem.

840 1194 1004 1234 Fremant]
1042 1196 1201 1226 Freinere
1232 1194 1406 1234 proprium
1432 1192 1501 1225 leo·

796 1253 888 1275 num.
911 1244 1028 1276 Barth.

840 1295 902 1323 244
928 1294 1051 1333 Posito]
1076 1294 1218 1327 Amisso.
1242 1296 1338 1326 Idem.

841 1346 904 1373 216
929 1343 1081 1383 Delphica
1092 1345 1255 1385 ᾳιιίγι,ᾃ·σ.]
1273 1345 1501 1376 Oraculorum

799 1392 970 1424 defectum
986 1394 1143 1433 insinuat,
1160 1404 1257 1435 quem
1272 1395 1405 1426 Christo
1420 1399 1501 1425 nato

800 1443 964 1474 accidisse
977 1444 1213 1474 Ecclesiastici
1226 1444 1410 1484 scriptores
1425 1453 1502 1484 pro-

797 1492 903 1522 dunt:
935 1502 998 1522 nec
1027 1493 1099 1533 ipse
1126 1494 1314 1533 impietatis
1340 1494 1502 1533 magister

797 1542 1014 1582 Symmachus
1029 1552 1156 1583 negare
1168 1543 1285 1583 audet,
1300 1544 1356 1574 lib.
1373 1553 1421 1575 tv.
1436 1543 1502 1584 Ep.

797 1596 849 1624 33.
869 1593 979 1624 victus
996 1603 1117 1633 nempe
1136 1604 1155 1623 a
1168 1593 1275 1625 Prud.
1292 1594 1501 1633 Apotheosi:

797 1652 839 1672 ex
866 1653 931 1683 quo
964 1644 972 1660 ‘
991 1643 1134 1673 hominis
1152 1644 1246 1674 Deus
1263 1643 1375 1674 induit
1399 1647 1503 1682 artus,

796 1693 963 1733 Delphica
978 1693 1146 1724 damnatis
1162 1697 1341 1724 tacuerunt
1355 1692 1504 1724 sortibus

795 1747 906 1783 antra,
919 1744 996 1774 Non
1009 1743 1160 1783 tripodes
1174 1743 1306 1775 cortina
1320 1743 1428 1782 tegit,'
1439 1744 1503 1774 διο.

795 1795 883 1825 Sane
900 1794 961 1824 sub
980 1795 1118 1825 Nerone
1142 1795 1273 1825 siluisse
1290 1793 1426 1824 oracula
1444 1793 1502 1823 ha-

797 1844 856 1875 bes
873 1854 914 1875 ex
932 1845 1059 1875 Lucan.
1078 1844 1136 1875 lib.
1155 1853 1187 1875 v.
1204 1844 1314 1884 princ.
1339 1844 1348 1859 ‘
1366 1843 1504 1874 multos-

798 1905 863 1936 que
879 1895 1030 1926 obducta
1046 1906 1107 1936 per
1132 1905 1238 1926 annos
1264 1894 1434 1933 Delphica
1456 1893 1504 1923 fa-

799 1946 897 1977 tidici
910 1950 1039 1976 reserat
1053 1946 1241 1986 penetralia
1252 1943 1399 1975 Pha-bi!
1424 1943 1501 1974 Nec

799 1996 968 2026 omISerim
987 2006 1029 2026 ex
1044 1996 1190 2027 Eusebio
1207 1996 1240 2026 id
1259 1996 1412 2026 ultimum
1430 2003 1505 2024 ora-

799 2046 952 2076 culorum
965 2046 1117 2076 censeri:
1142 2048 1150 2062 ‘
1164 2046 1223 2076 Me
1235 2055 1320 2086 puer
1334 2044 1504 2075 Hebraeus

800 2095 895 2127 divos
926 2096 1020 2126 Dens
1047 2096 1120 2135 ipse
1148 2095 1340 2135 gubernans
1372 2094 1505 2126 Cedere

799 2144 878 2175 sede
891 2145 1006 2185 jubet,
1023 2146 1225 2186 tristemque
1242 2145 1355 2176 redire
1373 2144 1435 2175 sub
1452 2153 1504 2175 or-

800 2194 897 2226 cum?
920 2196 1063 2235 Dempst.

845 2245 987 2275 Delubra
1000 2245 1159 2286 tacebunt]
1175 2245 1317 2277 Silebunt
1331 2245 1426 2286 prim.
1437 2245 1506 2275 Va-

800 2296 856 2326 tic.
879 2296 924 2326 D.
944 2297 1053 2328 Heius.

843 2350 905 2377 248
920 2347 1114 2387 Plunccuque
1124 2349 1254 2379 lacertos
1270 2347 1430 2388 Verberat]
1443 2347 1507 2377 Pe-

800 2398 938 2428 culiaris
966 2398 1078 2438 magni
1111 2399 1270 2439 planctus
1301 2403 1337 2428 ct
1367 2397 1505 2437 lugendi

801 2448 947 2488 species,
961 2449 1109 2479 lacertos
1127 2449 1319 2479 verberare.
1343 2448 1507 2489 Virgilius

801 2498 886 2529 libro
912 2508 976 2529 vn.
1000 2501 1008 2516 ⁶
1026 2499 1145 2539 palmis
1174 2508 1336 2539 percussa
1359 2499 1504 2529 lacertos

802 2549 975 2580 Auxilium
993 2549 1115 2580 vocat.’
1140 2549 1255 2580 Barth.

844 2601 908 2630 249
933 2600 1068 2634 Questus
1083 2601 1124 2630 ad
1140 2599 1242 2629 nubila
1256 2598 1367 2636 fundit
1384 2595 1503 2635 inanes]

801 2650 884 2680 Tres
899 2650 1021 2680 tendit:
1044 2659 1129 2679 unus
1143 2649 1242 2678 tollit:
1267 2648 1421 2688 plerique
1435 2655 1503 2675 om-

803 2709 863 2732 nes
875 2699 1013 2740 rumpit‚·
1036 2698 1136 2740 idque
1153 2708 1244 2730 vere.
1284 2695 1503 2738 Vi1·gi1.1ibr0
