1859 3148
372 167 498 224 1480„

367 271 593 306 fundamentis
617 286 721 317 usqne
744 279 818 310 imis
845 280 1002 314 fluctibus
1028 285 1065 315 fi-

365 331 439 352 nem
449 321 562 362 faciat,
572 327 734 359 exhausto
749 331 847 362 noxio
859 337 892 363 et
903 340 1064 375 corrupto

362 372 512 405 humore.
535 375 650 408 Barth.

406 425 445 453 17
475 423 599 465 Vacuis]
633 427 795 459 vacuatis
822 433 982 472 sanguine
1014 436 1061 466 in-

360 470 461 505 fecto.
487 474 583 505 Idem.

397 525 435 553 18
457 523 588 555 Arescat
608 526 684 562 sons
707 528 760 559 ille
785 531 874 571 mali]
911 534 1060 566 Eaeundet

357 572 454 611 prim.
483 584 522 604 ac
554 579 635 607 tert.
662 577 819 611 vatican.
844 587 879 613 ct
906 593 962 614 sex
990 586 1058 617 alii.

355 621 474 654 Scribo
494 625 637 656 Esuaet:
659 628 828 661 exuberare
851 632 898 663 sic
916 633 948 663 in
966 634 1057 675 Apo-

353 681 398 702 no
430 673 527 705 dixit.
574 677 689 714 Virgil.
728 680 736 696 ‘
756 683 899 714 exsudet
930 684 1056 716 inutilis

354 722 496 755 humor.'
540 726 702 759 Gratius:
728 730 736 746 ‘
751 735 786 761 ut
803 741 901 763 omne.
919 735 1055 767 Exndct

352 773 472 804 vitium
511 776 698 818 subeatque
741 781 928 814 latentibus
966 787 1055 816 ultro

352 824 437 855 Quae
462 824 553 857 facta
578 832 629 858 cst
655 830 822 861 medicina
846 833 977 865 malis:’
1007 837 1055 865 sic

350 874 450 913 malo,
465 884 564 915 quam
583 877 742 908 Exudent.
773 880 936 919 Sequenti
955 892 1052 915 versu

348 923 456 961 degere
474 933 534 963 pro
549 926 652 957 virere
664 926 753 958 idem
770 928 869 968 prim.
886 932 999 965 Vatic.
1017 939 1051 965 et

349 978 417 1004 tres
434 984 475 1005 ex
494 977 637 1008 nostris:
663 979 765 1010 etiam
783 982 901 1021 probe.
932 985 1050 1016 Malim

348 1028 382 1054 ot
396 1034 498 1056 securo
511 1037 521 1056 .·
544 1036 618 1057 nam
648 1029 756 1068 prima
784 1031 837 1062 ed.
854 1043 984 1072 secure,·
1007 1037 1048 1067 de

347 1083 414 1114 quo
429 1074 609 1107 videantur
623 1088 698 1118 quae
712 1085 866 1113 notamus
881 1084 922 1115 ad
937 1085 1047 1125 Epist.

346 1122 630 1164 Hypermnestrae
659 1130 876 1175 Nasonianae,
914 1146 961 1167 vs.
993 1140 1045 1169 64.

348 1173 388 1204 I).
405 1174 518 1207 Heius.

390 1225 470 1257 Fons
498 1229 588 1269 muli]
633 1230 825 1274 Scaturigo,
861 1236 1043 1277 subjiciens

340 1283 411 1305 sese
427 1286 573 1317 semper.
598 1279 714 1312 Barth.

383 1327 424 1355 20
447 1326 578 1368 Aulam]
623 1329 808 1371 Imperium
848 1334 1039 1369 Orientale.

344 1374 442 1407 Idem.

379 1428 420 1456 22
443 1426 591 1460 Lustrare
605 1431 716 1462 valebit
733 1433 886 1472 Oceanus]
911 1437 1039 1466 Etiam-

335 1475 373 1514 si,
389 1476 447 1516 ait,
472 1487 604 1510 omnem
621 1479 723 1508 maris
740 1481 889 1512 universi
915 1484 1037 1516 undam

333 1526 520 1564 insumatis,
547 1537 611 1558 non
642 1529 799 1568 poteritis
827 1532 941 1563 cluere
973 1534 1036 1565 hoc

333 1580 463 1607 tantum
482 1576 641 1608 dedecus,
686 1579 786 1610 Idem.

374 1628 414 1657 23
439 1626 567 1667 Diluet]
611 1627 695 1659 Ἀντὶ
732 1631 844 1662 deluet.
901 1633 1031 1674 Supra:

329 1675 498 1706 ‘immotis
514 1677 646 1708 haesere
663 1679 796 1718 piacula
812 1680 915 1714 fatis!

370 1729 411 1757 24
437 1727 634 1767 Mugitusab
651 1731 724 1771 axe]
759 1731 807 1762 Ab
830 1734 894 1763 alto
912 1735 1030 1774 primae

327 1776 404 1808 edd.
421 1776 563 1817 Gyrald.
576 1783 611 1809 et
625 1789 708 1810 unus
722 1791 762 1811 ex
774 1784 916 1816 nostris:
941 1795 1030 1818 vere.

328 1824 443 1858 Altum
476 1828 566 1859 enim
605 1830 767 1872 quicquid
800 1833 1026 1873 profundum:

325 1881 455 1918 septem
474 1879 529 1909 alii
554 1880 694 1918 infernas
705 1893 718 1918 ‚·
740 1886 777 1913 nt
794 1893 869 1915 cum
891 1888 1030 1918 cavernis

325 1933 568 1960 construatur:
605 1936 640 1962 et
667 1931 701 1963 id
734 1933 941 1968 admiserim.
980 1940 1026 1971 D.

325 1977 437 2009 Heius.

366 2028 514 2067 Mugitus
523 2029 560 2060 ab
571 2040 630 2061 axe
644 2031 798 2064 Redditus
809 2035 946 2078 inferno]
962 2040 1025 2070 Ta-

321 2078 370 2108 les
394 2078 544 2118 mugitus
569 2079 702 2121 fingunt
731 2084 883 2125 prodigia
911 2097 1023 2121 rerum

318 2126 634 2162 infelicissimarum.
658 2133 775 2165 Barth.

361 2180 401 2208 25
429 2178 544 2210 Rabies
572 2191 686 2213 arcana
716 2195 862 2217 cavernas
897 2190 1023 2232 Vibrat]

318 2228 448 2259 Ventos
465 2230 616 2262 occultos
628 2233 802 2277 intelligit,
816 2239 901 2270 unde
919 2246 1020 2274 terrae

317 2283 439 2310 motus.
465 2280 562 2311 Idem.

359 2330 400 2359 30
425 2329 604 2362 Instabilem
620 2335 741 2375 rursus]
766 2337 854 2369 Nam
872 2350 890 2370 a
909 2345 1017 2373 trans-

315 2377 364 2409 itu
378 2377 651 2418 Argonautarum
667 2386 903 2420 constiterant.
922 2392 1017 2424 Idem.

357 2431 398 2460 32
425 2430 523 2461 Tradi
547 2434 687 2473 populos]
713 2435 759 2466 Ut
778 2438 953 2472 Furiarum
972 2444 1016 2475 sit

314 2488 453 2521 regnum
470 2481 502 2511 in
515 2483 657 2514 Mundo.
683 2486 780 2519 Idem.

356 2534 397 2563 33
422 2533 575 2565 ,Mulciber
587 2535 675 2574 ignes
686 2538 865 2583 Sparserat]
882 2544 1012 2582 Ignium

310 2582 468 2622 prodigia
484 2583 767 2626 frequentissima.
798 2592 888 2623 Nota
905 2593 1012 2634 fulgu-

309 2640 358 2670 ra,
375 2633 536 2673 tonitrua,
551 2635 656 2675 faces,
673 2638 769 2679 Solis,
786 2641 902 2683 Lunae,
920 2644 1010 2677 labo-

309 2691 374 2723 res,
391 2684 502 2724 lapsus
516 2686 750 2727 siderum,&c.
765 2701 838 2731 quar
851 2693 905 2724 hic
920 2705 1008 2726 com-

307 2733 563 2772 prehenduntur
579 2739 788 2777 paucissimis
806 2743 925 2775 verbis.
958 2746 1007 2778 Id.

348 2785 389 2814 31
418 2784 506 2816 Victo
533 2793 717 2828 proruperat
744 2790 839 2830 objice
868 2794 1006 2835 Nereus]

607 162 752 215 ‘Norsu
789 188 1049 221 unionum
1086 192 1135 222 IN
1172 195 1244 224 ci..
1275 198 1457 231 canus).
1490 203 1581 235 xx.

1117 287 1262 320 Lucem.
1278 291 1399 323 rincm:
1422 295 1518 333 prim.
1545 297 1656 330 Vatic.
1684 305 1720 332 et
1743 302 1817 334 Ma·

1115 347 1180 370 zar.
1209 349 1283 371 cum
1317 343 1489 375 Oiseliano
1515 348 1616 379 ricta.-
1649 351 1738 390 quod
1765 362 1816 384 se·

1115 396 1211 426 quor.
1235 389 1376 429 Gyrald.
1390 398 1490 433 rupta.
1517 396 1624 428 Aldus
1641 404 1673 429 et
1693 401 1813 442 scripti

1113 438 1259 468 nonnulli
1294 445 1396 480 rapto,
1426 446 1573 485 quinque
1602 453 1717 488 rupto:
1752 461 1814 491 pro

1113 487 1276 527 Mulciber,
1293 491 1437 523 Luc-ens.
1465 496 1626 533 IlIulciser.
1653 505 1689 529 ut
1717 510 1812 540 saepe

1110 535 1143 565 in
1157 539 1297 569 vetustis
1311 540 1402 571 libris
1416 544 1593 584 scribitur,
1605 558 1622 577 a
1636 550 1814 582 mulcendo

1110 586 1222 620 ferro:
1248 594 1402 632 sequenti
1433 605 1530 626 versu
1557 599 1637 629 Hoec
1651 600 1812 641 flagrant,

1107 637 1183 678 laec,
1195 649 1258 671 non
1271 642 1353 682 hinc,
1367 645 1506 685 scripti:
1527 647 1622 679 bene.
1641 650 1682 680 D.
1697 651 1810 682 Heius.

1150 689 1285 729 Nereus]
1332 693 1601 738 Exundationes,
1647 705 1809 738 portenta

1107 738 1204 768 mala.
1230 739 1347 772 Barth.

1148 789 1187 817 35
1215 789 1352 821 Numina
1365 793 1500 833 pomam]
1518 795 1681 828 Occultat
1696 808 1807 830 rerum

1105 836 1232 866 semina
1248 838 1339 868 Deus
1365 840 1429 879 (ait
1446 843 1536 873 Plin.
1555 845 1586 874 in
1604 847 1748 888 Paneg.)
1773 854 1807 880 et

1105 885 1302 927 plerumque
1316 889 1476 922 bonorum
1492 894 1720 937 malorumque
1731 907 1808 929 cau-

1102 945 1146 966 sae
1164 937 1226 967 sub
1241 938 1375 970 diversa
1386 943 1501 981 specie
1517 944 1645 976 latent:
1663 956 1702 977 ac
1716 952 1805 980 teste

1104 986 1282 1019 Lucretio:
1309 991 1317 1006 ‘
1334 991 1399 1021 Res
1427 993 1586 1025 humanas
1615 996 1663 1026 vis
1685 997 1803 1032 abdita

1105 1038 1258 1076 quatdam
1277 1040 1440 1073 Obtcrit!
1465 1045 1588 1077 Claver.

1139 1090 1179 1118 37
1204 1089 1366 1123 Incumbas
1382 1094 1528 1134 tridenti]
1568 1096 1616 1126 Ut
1643 1097 1800 1137 impellas

1096 1137 1128 1167 in
1147 1141 1236 1169 totas
1253 1140 1326 1172 illas
1356 1146 1463 1174 terras
1486 1145 1551 1175 vim
1571 1150 1702 1178 tuorum
1719 1147 1801 1181 fluc-

1097 1192 1200 1219 tuum.
1230 1190 1343 1222 Barth.

1136 1240 1177 1268 39
1205 1239 1335 1281 Urbem]
1378 1242 1468 1274 Satis
1498 1245 1656 1285 equidem
1691 1247 1797 1280 incle-

1092 1295 1235 1329 menter,
1253 1302 1294 1323 ne
1311 1294 1420 1325 dicam
1434 1297 1513 1337 quid
1531 1301 1684 1339 amplius.
1706 1302 1795 1334 Sane

1092 1339 1210 1372 Romae
1229 1345 1351 1375 veteris
1373 1354 1561 1387 perpetuus
1587 1356 1622 1382 et
1646 1354 1794 1394 exquisi-

1093 1393 1144 1421 tus
1173 1397 1303 1424 amator
1335 1405 1399 1426 non
1427 1399 1540 1436 potuit
1569 1410 1682 1433 amare
1707 1404 1795 1436 hanc

1091 1438 1235 1478 Novam,
1253 1450 1324 1481 qua*
1340 1451 1494 1475 crescere
1512 1449 1642 1487 nequiit
1660 1451 1730 1482 sine
1748 1454 1795 1483 al-

1089 1489 1194 1519 terius
1212 1490 1442 1527 decremento.
1466 1497 1562 1529 Idem.

1129 1541 1171 1569 40
1198 1541 1311 1572 Omnia
1328 1546 1460 1586 tempus]
1486 1548 1600 1580 Omina
1625 1554 1791 1590 nonnulli,

1086 1593 1121 1619 et
1144 1594 1297 1631 sequenti
1316 1605 1410 1626 versu
1427 1599 1556 1629 discolor
1583 1611 1644 1641 pro
1660 1605 1790 1636 decolor.

1085 1640 1131 1671 D.
1151 1642 1262 1674 Heius.

1130 1692 1259 1733 Tempus
1274 1696 1376 1736 suum]
1402 1698 1479 1728 Non
1494 1700 1580 1730 enim
1595 1701 1785 1735 habuerunt

1083 1739 1123 1770 ab
1141 1741 1237 1773 initio
1260 1745 1375 1775 mundi
1403 1747 1483 1788 tale,
1508 1754 1545 1780 ut
1568 1750 1675 1783 videri
1702 1754 1786 1785 vult.

1080 1791 1196 1823 Barth.

1121 1844 1161 1872 41
1190 1844 1322 1875 Decolor
1337 1846 1449 1887 imber]
1472 1850 1654 1889 Sanguine.
1682 1853 1783 1887 Idem.

1121 1895 1162 1923 42
1188 1894 1326 1926 Dissona
1339 1901 1433 1936 parta
1451 1899 1592 1941 Semina]
1615 1903 1783 1945 Transpo-

1077 1942 1156 1973 sitio
1174 1950 1225 1976 est
1244 1947 1422 1979 verborum
1447 1950 1488 1981 ob
1506 1962 1650 1985 versum.
1692 1956 1781 1988 Nam

1077 1993 1257 2026 dicendum
1289 2003 1363 2028 crat
1391 2001 1572 2033 seminibus
1601 2005 1778 2046 incongrui

1077 2049 1204 2083 partus.
1247 2047 1302 2078 Sic
1318 2049 1421 2080 alibi:
1446 2052 1454 2066 ‘
1469 2051 1614 2084 Laetitiae
1640 2065 1779 2088 caussas

1074 2094 1208 2134 ignorat
1225 2097 1341 2130 dicere
1359 2101 1476 2132 miles.’
1500 2103 1584 2134 Cum
1603 2106 1685 2137 velit
1702 2117 1777 2146 per-

1074 2144 1203 2187 hibere,
1214 2149 1314 2180 dicere
1325 2151 1453 2182 militem
1464 2153 1609 2192 ignorare
1621 2166 1683 2187 sese
1695 2158 1776 2189 illas·

1073 2195 1182 2228 Idem.

1114 2249 1154 2277 45
1180 2247 1257 2278 Sine
1282 2250 1380 2290 more]
1405 2251 1540 2284 Praeter
1564 2264 1660 2286 usum
1690 2266 1778 2289 com-

1073 2305 1219 2329 munem.
1244 2299 1340 2331 Idem.

1113 2350 1154 2377 46
1180 2348 1309 2380 Pectora
1320 2350 1465 2392 fatidici]
1485 2354 1628 2395 Terrificz'
1643 2359 1774 2390 exarati

1068 2396 1139 2428 fere
1167 2408 1306 2430 omnes:
1344 2402 1446 2443 idque
1474 2409 1578 2436 recte.
1629 2406 1772 2447 Statius,

1066 2447 1171 2479 Theb.
1189 2457 1244 2480 ιιι.
1267 2452 1275 2466 ‘
1290 2451 1498 2493 terrificique
1512 2455 1621 2486 aberit
1634 2457 1767 2488 demen-

1067 2498 1111 2529 tia
1128 2499 1247 2530 I’liuebi
1262 2500 1282 2531 z'
1306 2503 1437 2544 terrifici
1452 2505 1553 2535 etiam
1571 2509 1656 2537 vates
1676 2508 1767 2548 apud

1064 2547 1187 2587 Virgil.
1212 2550 1254 2581 D.
1274 2551 1384 2582 Heius.

1107 2598 1266 2636 Ignoscere
1293 2601 1415 2640 Phoebi]
1461 2601 1593 2634 Ardere
1621 2604 1652 2634 in
1683 2616 1766 2645 prae-

1062 2648 1240 2680 dictiones.
1264 2652 1378 2683 Barth.

1102 2700 1143 2729 49
1168 2699 1322 2739 Fatalem]
1348 2702 1395 2731 Ut
1409 2703 1563 2733 nimirum
1582 2705 1642 2744 ipsi
1657 2707 1760 2737 etiam

1058 2749 1146 2779 omni
1161 2749 1288 2780 honore
1310 2756 1344 2781 ct
1371 2751 1538 2786 felicitate
1558 2755 1649 2787 velut
1665 2765 1761 2787 exse-

1056 2803 1226 2832 carentur.
1249 2800 1347 2833 Idem.
