1763 3116
604 93 679 124 cr..
709 91 1007 123 antJnrAm.
1421 86 1524 125 1751

138 190 317 236 Lignano.
373 186 547 238 Epistola
580 185 813 223 dedicatoria
845 185 937 224 data
957 191 1014 223 est
1034 185 1081 223 ad
1115 184 1388 234 amplissimum
1410 188 1529 225 virum

132 253 330 290 Jat'redum
369 250 564 294 Carolum,
615 249 771 286 humani
809 249 1006 298 divinique
1048 249 1148 296 juris
1189 248 1529 295 consultissimum,

134 316 387 365 Delpliinatus
422 311 640 363 praesidem,
675 313 982 363 sanctissimique
1015 314 1179 350 Senatus
1203 311 1407 349 Insubrum
1430 314 1530 362 priu—

132 377 526 429 mpetu—Mediolani
547 376 670 426 pridie
691 377 799 414 eidus
821 377 1061 415 Decembris.

76 444 349 492 Subjungimus
372 442 459 479 hnic
476 442 579 479 aetati
599 441 695 479 duas
717 441 896 480 carminis
916 441 964 479 de
985 442 1031 479 R.
1055 441 1161 479 Pros.
1183 441 1271 479 edd.
1294 453 1322 478 s,
1344 453 1378 477 a.
1400 440 1530 478 Nicia-

128 506 184 543 sio
205 513 456 544 memoratas:

74 583 102 606 s.
126 583 160 606 a.
183 570 332 620 Lipsiae,
356 578 392 608 4.
418 571 475 608 (ΣΙ.
498 571 728 620 opusculum
748 570 795 607 de
817 577 930 620 raptu
952 572 1059 609 Pros.
1083 571 1196 621 quale
1217 570 1420 613 invenitur,
1442 581 1528 605 nam

128 633 302 671 ultimum
334 635 510 672 volumen
540 635 643 684 apud
673 648 743 672 nos
763 648 836 672 non
858 642 977 674 extat.
997 635 1085 672 Vid.
1105 636 1166 673 Jo.
1189 635 1238 672 H.
1262 634 1458 671 Leiehium
1481 632 1528 669 de

126 698 219 744 orig.
241 706 278 735 et
300 699 454 736 inc-rem.
473 705 625 748 typogr.
651 698 874 748 Lipsiensis.

72 776 99 797 s.
119 775 152 797 a.
175 770 211 798 et
235 762 257 798 Ι.
280 762 346 800 fol.
383 763 584 800 Claudiani
618 763 738 800 Siculi
773 763 838 799 viri
870 762 1039 812 inprimis
1070 762 1298 806 doctissimi,
1341 761 1389 799 dc
1410 768 1523 811 raptu

123 826 231 863 Pros.
252 826 472 875 'l'ragoedia¹
488 826 575 863 ‹luae
593 827 771 864 heroicae.
808 828 866 864 De
888 827 1001 876 cujus
1021 827 1107 864 libri
1130 827 1354 864 charactere
1369 825 1528 862 Maitta-

121 888 177 924 rio
200 892 295 925 Anu.
316 896 396 938 ἴῃ).
418 889 468 925 Τ.
492 900 521 925 1.
546 902 584 938 p.
608 894 699 932 753.
721 889 973 938 conjiciente,
1006 890 1266 926 characterem
1298 888 1458 926 Joannis
1479 887 1526 923 de

122 945 368 1001 Westplialen
413 952 664 1002 (typographi
709 952 886 989 Alostani
924 953 961 988 in
1005 952 1199 996 Flandria)
1238 952 1357 990 ferme
1396 951 1524 989 refert.

120 1015 308 1058 Quamvis
329 1022 457 1053 autem
481 1023 555 1053 tres
577 1015 663 1052 libri
683 1014 732 1052 de
754 1016 800 1052 R.
817 1016 860 1052 P.
884 1015 920 1051 in
943 1015 1037 1052 duas
1057 1014 1280 1064 tragoedias,
1303 1020 1526 1051 constantes

122 1079 243 1116 tribus
276 1079 430 1117 actibus
466 1079 633 1129 singulas
655 1078 862 1116 artificiose
897 1078 1094 1116 distributi
1128 1079 1217 1124 sint,
1249 1082 1375 1128 poetae
1397 1085 1523 1115 tamen

120 1143 232 1179 rerba
253 1142 399 1193 integra
420 1149 622 1181 serrantur
642 1142 818 1192 ordoque
838 1142 1059 1180 inviolatus.

532 1308 679 1346 AETAS
711 1308 1062 1350 ll.1510-1571.

68 1417 96 1450 A
121 1416 182 1452 J0.
207 1415 384 1451 Camerte
406 1413 575 1456 ordiens,
594 1426 663 1462 per
687 1412 886 1450 Juntinam
906 1427 934 1449 s.
955 1411 1038 1460 ejus
1054 1417 1269 1449 curatorem
1282 1413 1368 1449 Ant.
1388 1412 1523 1451 Franc.

119 1478 404 1521 Varelxiensem,
435 1484 473 1514 et
494 1476 683 1520 Aldinam,
705 1476 764 1512 cui
787 1475 941 1525 praefuit
965 1476 1101 1512 Franc.
1123 1475 1329 1519 Asulauus,
1364 1483 1494 1513 ornata
1513 1490 1521 1519 ;

116 1547 256 1590 praeter
276 1555 373 1590 quos
397 1541 519 1578 Mic-11.
542 1539 763 1589 Isingrinius
778 1553 867 1576 cum
892 1540 1014 1577 Mich.
1038 1539 1204 1576 Bentino
1218 1545 1254 1575 et
1270 1540 1331 1577 J0.
1347 1539 1523 1576 Hontero

117 1605 317 1642 Basileensi
342 1616 370 1642 1.
392 1618 549 1654 operam
572 1604 739 1641 navavit.
798 1604 967 1641 Laudem
997 1616 1088 1641 vero
1109 1603 1221 1640 etiam
1252 1602 1395 1639 habent
1418 1603 1525 1639 Pari-

116 1668 248 1705 siensis
268 1668 440 1712 Colinaei,
473 1674 513 1705 ut
549 1667 803 1713 curatissima,
834 1674 872 1705 et
901 1667 1157 1718 Gryphianae,
1186 1679 1206 1703 a
1237 1666 1348 1703 Petro
1379 1666 1525 1702 Crinito

115 1738 271 1768 curatae.
331 1730 516 1768 Parrhasii
547 1731 700 1768 comm.
731 1731 768 1768 in
790 1732 834 1768 L.
855 1730 903 1768 de
937 1738 1053 1781 raptu
1087 1732 1192 1768 Pros.
1226 1729 1424 1780 repetitus,
1456 1731 1522 1767 sed

114 1808 201 1832 mox
232 1795 345 1832 cessit
369 1796 430 1832 ille
466 1796 563 1832 notis
585 1795 621 1832 in
652 1795 907 1832 Claudianum
929 1808 950 1832 a
971 1796 1029 1832 M.
1051 1796 1142 1832 Ant.
1167 1794 1299 1832 Delrio
1319 1807 1382 1831 an.
1411 1800 1522 1832 15:38.

115 1859 179 1896 edi
200 1860 351 1909 creptis.

65 1928 164 1960 1510
194 1923 415 1960 Camertina
439 1933 467 1959 Ι.
499 1922 672 1968 Viennae,
696 1929 732 1960 4.
790 1923 993 1961 Claudiani
1014 1935 1132 1973 opera
1153 1922 1353 1959 novissime
1375 1935 1445 1970 per
1465 1922 1516 1958 D.

110 1987 170 2024 Jo.
191 1987 408 2024 Camertem
427 1987 711 2024 accuratissime
744 1987 953 2037 recognita.
991 1988 1035 2024 In
1072 1986 1173 2024 fine:
1206 1986 1522 2023 Elimatissimum

113 2050 184 2087 hoc
207 2050 409 2087 Claudiani
430 2063 529 2100 opus
558 2050 797 2087 elaboratum
819 2059 879 2088 est
899 2051 1058 2088 Viennae
1078 2049 1257 2094 Austriae,
1293 2050 1522 2099 Hieronymi

115 2114 277 2151 Victoris
303 2114 521 2151 Pliilovallis
543 2114 804 2165 Calc-ographi
823 2128 832 2152 ε
868 2116 916 2151 Et
935 2114 1096 2153 Joannis
1118 2114 1307 2164 Singrenii
1328 2114 1520 2151 sociorum

111 2178 287 2215 solertia:
324 2178 511 2228 Expensis
532 2191 622 2215 vero
644 2178 853 2215 Leonharti
885 2178 1044 2215 Alantse
1081 2177 1310 2227 ssibliopolae
1333 2177 1523 2214 Viennen-

111 2243 169 2280 sis.
202 2245 315 2279 Anno
342 2253 457 2280 MDx.
481 2241 602 2290 pridie
626 2242 759 2278 Nonas
782 2241 1186 2279 Octol›ris.—-Cbarta
1201 2240 1380 2285 candida,
1404 2240 1520 2278 literae

111 2306 356 2342 Jensonianae
378 2305 657 2354 pulclierrimae,
691 2317 823 2342 versus
845 2317 914 2354 per
934 2305 1088 2342 denaria
1118 2305 1318 2342 intervalla
1345 2304 1519 2341 dinume-

112 2368 201 2404 rati.

61 2431 145 2467 Fuit
167 2437 246 2467 tum
268 2431 329 2468 Jo.
352 2431 526 2476 Camers,
557 2438 597 2469 ut
625 2431 851 2481 intelligitur
870 2445 917 2469 ex
947 2432 1146 2470 versiculis
1167 2446 1188 2470 a
1208 2433 1414 2470 Joachimo
1447 2434 1519 2468 Ya-
1562 2471 1566 2472 ⁷

109 2493 225 2531 diano
246 2493 425 2542 adjectis,
456 2508 575 2532 sacrae
610 2494 833 2545 Theologiae
864 2495 1030 2533 simulet
1050 2497 1285 2547 optimarum
1321 2497 1515 2533 literarum

111 2558 322 2602 Professor,
352 2557 496 2594 ordinis
519 2558 605 2595 Divi
629 2559 837 2597 Francisci.
894 2560 1086 2598 Ponamus
1107 2561 1291 2609 umjorcm
1324 2559 1514 2609 praefatio-

109 2623 164 2658 nis
198 2629 371 2673 partem:
405 2622 497 2660 ‘Jo.
519 2622 677 2660 Camers
711 2623 922 2662 lectoribus
959 2623 1200 2662 felicitatem.
1257 2623 1513 2662 Claudianum
