1763 3116
338 133 570 165 EPlTHAL.
605 136 843 167 PALLADII
879 139 939 168 ET
970 140 1249 173 CELERINAE.

66 232 122 254 ore
149 225 317 265 querelis)
365 227 527 258 obmuluit
554 229 648 267 unda,
671 234 708 260 ut
733 229 764 259 in

65 275 122 304 illo
150 275 322 306 Petronii:
347 278 355 294 “’
372 277 449 308 Jam
479 277 643 308 Phasidos
674 279 764 310 unda

67 323 201 355 Orbata
217 332 267 356 est
289 326 416 364 avibus,
438 331 598 367 mutoque
614 328 646 358 in
662 329 761 360 litore

63 380 198 404 cantum
215 376 302 405 Solae
320 375 462 405 desertis
479 376 654 417 adspirant
672 378 760 410 frou-

61 422 159 454 dibus
176 424 288 454 aurwf
311 424 355 454 D.
375 425 484 455 Heius.

106 475 164 502 110
190 472 372 512 Diffugiens
387 475 513 506 ntidacit
536 477 614 517 olor]
643 477 758 510 Vidua-

58 522 103 551 rit
117 526 210 561 puto.
237 523 334 554 Idem.

103 573 159 601 111
190 572 317 612 Truces]
340 574 690 617 Satagentes‚festini‚
706 588 755 610 sc·

58 619 108 650 rio
135 622 230 661 operi
258 623 393 655 intenti.
437 625 583 658 Puerilis
607 627 753 669 impetus

55 668 217 702 innuitur.
241 673 356 703 Barth.

96 722 155 750 113
193 722 388 763 Confligunt]
423 724 576 756 Ludicris
619 728 752 768 pugnis,

54 769 132 801 dum
164 774 303 815 quisque
335 776 417 807 Deae
440 779 610 818 proximus
634 781 750 812 venire

48 821 130 851 vult.
158 823 254 855 Idem.

92 876 150 903 114
178 875 443 918 Impunecadunt]
468 881 556 910 Dum
572 882 747 922 impellun-

45 925 110 961 tur,
135 923 298 955 incitatur
330 928 378 957 vis
413 930 558 969 volandi,
576 936 610 961 et
625 932 746 963 sicim-

44 981 132 1011 pune
165 974 304 1013 cadunt,
331 987 405 1007 cum
431 979 491 1009 alis
516 981 743 1022 excipiantur,

44 1026 79 1052 et
97 1022 173 1053 inde
188 1025 307 1055 melius
322 1027 461 1059 volent..
472 1029 570 1060 Idem.

84 1072 186 1112 Lapsa
202 1075 326 1106 meliore
340 1078 491 1118 volantes]
516 1080 610 1111 Ordo
622 1082 740 1114 horum

41 1130 194 1154 versuum
222 1124 255 1154 in
283 1127 429 1167 vulgatis
460 1129 554 1160 libris
585 1132 739 1164 turbatus

40 1176 126 1202 erat.
172 1173 303 1206 Deinde
339 1177 442 1217 lapsus
475 1180 600 1212 meliore
636 1184 740 1214 volatu

40 1231 113 1252 cum
133 1223 279 1256 Lucensi
297 1230 332 1256 et
347 1233 425 1258 octo
442 1230 526 1260 aliis.
560 1231 606 1262 D.
623 1233 738 1264 Heius.

83 1275 141 1303 115
169 1274 388 1317 Consequitur]
427 1279 472 1309 Et
488 1280 559 1320 ipse
576 1283 737 1323 pennipo-

37 1326 109 1352 teus
127 1331 259 1363 nempe.
285 1326 402 1357 Barth.

80 1375 139 1403 117
164 1373 306 1414 Desuper
317 1377 475 1409 invertunt
489 1381 639 1421 calathos]
662 1383 735 1414 Ma-

33 1422 66 1452 lo
80 1422 267 1462 inrergunt;
295 1426 334 1456 dc
365 1437 429 1467 quo
446 1430 549 1460 verbo
566 1432 734 1463 adeantur

31 1482 108 1513 quae
129 1479 283 1506 notamus
301 1476 341 1506 ad
359 1478 531 1510 Nasonem
548 1481 648 1512 Pont.
663 1492 685 1513 1.
703 1486 732 1513 9.

32 1526 83 1555 5-1.
130 1525 197 1555 Pro
210 1527 311 1565 plenis
321 1528 489 1568 pharetris,
503 1530 579 1562 vide
591 1542 632 1563 ne
650 1534 731 1564 scri-

31 1572 176 1605 bendum
204 1576 247 1606 sit
268 1578 368 1616 plenis
383 1580 549 1611 canistris:
573 1581 607 1612 in
633 1584 731 1614 canis-

30 1623 91 1653 tris
105 1624 192 1654 enim
212 1624 310 1657 flores
324 1627 532 1668 legebantur.
577 1632 644 1663 Adi
660 1635 728 1665 No-

31 1676 102 1703 tata
118 1674 159 1704 ad
178 1675 294 1707 Fastos
312 1678 469 1720 Nasonis,
483 1681 569 1713 libro
587 1693 636 1716 iv.
651 1688 725 1716 451.

29 1723 72 1754 D.
91 1724 202 1755 Heius.

71 1777 132 1806 119
154 1776 226 1816 Ipse
237 1779 375 1818 pepercit
391 1780 530 1822 Seirius]
568 1784 665 1816 Talia
681 1786 724 1818 de

26 1826 151 1865 campis
168 1827 305 1859 Ennaeis
317 1829 349 1860 in
369 1831 483 1872 Raptu
496 1833 723 1876 Proserpinae.

24 1873 139 1905 Barth.

66 1927 124 1956 121
142 1926 305 1968 Balsama]
318 1929 456 1971 Nuptiis
465 1933 620 1976 adsueta,
631 1947 721 1970 more

26 1972 192 2006 Romano.
215 1978 313 2009 Idem.

66 2026 125 2055 123
152 2026 293 2058 Niliacus
308 2033 429 2072 cortex]
466 2034 533 2065 Hic
555 2036 720 2069 nobilissi-

21 2074 66 2105 mi
81 2074 218 2116 liquoris
231 2085 426 2116 proventus.
451 2083 548 2115 Idem.

64 2127 124 2155 124
148 2126 346 2166 Aggreditur
359 2132 511 2171 Cytherea
520 2135 634 2176 virum]
648 2139 718 2169 Nu-

18 2186 86 2207 rum
101 2178 211 2209 scribe
237 2190 312 2210 cum
330 2183 525 2216 melioribus
542 2187 638 2219 libris
657 2201 664 2228 3
683 2196 718 2222 et

25 2236 98 2258 mox
111 2230 222 2269 pudico
239 2241 300 2271 pro
316 2233 436 2273 cupido.
461 2236 506 2266 D.
522 2237 642 2271 Heins.

66 2278 188 2319 Virum]
214 2282 347 2322 Inepte.
371 2285 488 2316 Scribe
510 2297 622 2319 nurum
637 2300 712 2322 cum

17 2326 208 2367 Cujacianis
247 2332 347 2364 libris.
392 2335 594 2375 Cupidinem
623 2341 711 2372 enim

13 2381 50 2407 et
77 2378 243 2410 Venerem
270 2382 366 2413 simul
385 2387 576 2419 extraxisse
592 2391 710 2422 matris

16 2426 142 2465 gremio
156 2430 298 2467 puellam
312 2431 453 2465 indicat.

63 2477 215 2518 Flentem]
249 2481 346 2513 Metu
368 2484 466 2523 primi
493 2487 652 2527 vulneris,
674 2496 710 2523 et

15 2535 127 2557 amore
144 2527 361 2567 virginitatis.
383 2534 499 2567 Barth.

57 2579 117 2608 127
142 2578 249 2610 Flavis
271 2581 406 2613 crinibus
437 2586 568 2628 Istrum]
604 2590 709 2622 Flava

13 2635 138 2668 comas,
165 2632 204 2660 ut
234 2630 364 2662 Bissala
390 2633 596 2680 Ansoniana,
624 2640 708 2672 indi-

12 2675 86 2709 dem
103 2682 140 2710 et
155 2679 229 2720 ipsa
244 2681 364 2720 petita.
387 2684 483 2718 Idem.

1406 138 1518 181 1619

860 234 921 263 128
944 233 1100 266 Dextram
1123 237 1184 266 viri
1206 238 1406 279 dextramque
1430 247 1516 281 puel-

813 281 866 321 lae]
889 281 1123 316 Pronubarum
1141 286 1262 318 officio.
1308 289 1516 323 SicTrebel-

813 331 874 362 lius
892 332 1004 364 Pollio
1030 336 1149 367 scribit
1174 337 1364 370 Gallienum
1397 345 1514 373 tenen-

813 387 880 413 tem
912 394 1029 415 manus
1056 388 1168 426 spousi
1197 393 1231 419 et
1260 400 1391 430 sponsze
1424 393 1514 424 inter

810 438 947 465 centum
972 435 1098 467 Potitas
1117 438 1197 470 illud
1216 440 1456 473 nobilissimum
1470 445 1512 475 E-

809 483 1039 523 pithalamium
1059 489 1230 521 recitasse.
1257 492 1354 524 Idem.

852 536 914 565 129
940 535 1066 576 Tradit]
1102 539 1226 571 Mutuo
1249 541 1380 581 junctis
1408 545 1509 575 alter-

806 592 863 614 nas
878 594 1003 618 manus.
1053 588 1195 630 Tradere,
1210 592 1363 623 absolute
1385 595 1507 626 cedere

805 642 879 665 cum
897 637 985 666 omni
1004 647 1039 667 re
1057 639 1191 679 etjure.
1215 641 1312 672 Idem.

847 687 908 715 130
938 686 1042 718 Viuite
1057 691 1232 730 concordes]
1267 692 1392 725 Votum
1411 695 1506 727 novis

806 736 920 774 nuptis
948 738 1056 775 primo
1089 740 1163 770 loco
1191 740 1356 775 debitum.
1403 744 1503 776 Unde

804 785 974 817 Concordia
1015 789 1222 829 Nuptiarum
1271 794 1502 826 matrimonio-

802 843 943 876 rumque
968 847 1108 877 praeses.

842 885 993 917 Nostrum
1004 889 1126 928 munus]
1138 890 1374 924 Concubitum.
1385 894 1500 927 Barth.

841 937 901 965 132
925 935 1027 967 Labra
1065 938 1162 976 ligent
1193 940 1323 980 animos]
1369 944 1500 975 Animas

795 983 894 1021 lcge3
919 989 957 1015 ut
980 987 1110 1025 nuptiis
1128 988 1256 1020 Honor.
1283 991 1413 1023 ‘labris
1430 995 1498 1024 ani-

793 1043 880 1063 mam
898 1035 1157 1067 conciliantibus
1169 1038 1190 1076 3'
1216 1042 1383 1080 quomodo
1400 1048 1497 1075 recte

792 1082 862 1114 illic
895 1085 944 1115 Cl.
976 1085 1167 1118 Gronovius
1202 1098 1245 1119 ex
1281 1090 1338 1122 illo
1371 1093 1496 1125 Graeco

790 1132 848 1169 τὴν
863 1134 970 1173 ψυχὴν
987 1135 1148 1175 Ἀγαθῶνα
1170 1141 1270 1178 φιλῶν
1291 1141 1340 1172 ἐπ),
1354 1143 1496 1181 χείλεσιν

791 1182 896 1222 ἔσχον·
913 1190 947 1217 et
967 1187 1025 1218 illo
1043 1188 1185 1221 Latino:
1204 1191 1212 1207 ‘
1230 1190 1390 1225 Animula
1404 1205 1495 1235 aegra

790 1238 825 1265 et
847 1237 958 1267 saucia
984 1240 1135 1271 cucurrit
1167 1241 1208 1272 ad
1238 1243 1345 1275 labias
1375 1246 1494 1278 mihiz'

788 1285 874 1324 quod
893 1291 1074 1328 utrumque
1092 1296 1207 1322 exstat
1225 1293 1313 1332 apud
1330 1294 1493 1338 Gellium,

788 1342 865 1365 xrx.
892 1338 941 1365 11.
968 1338 1045 1368 vide
1070 1343 1177 1370 totum
1205 1352 1364 1382 carmen3
1392 1346 1490 1385 plura

786 1384 875 1414 cuim
892 1385 960 1417 illic
979 1387 1021 1417 ad
1037 1398 1118 1420 rem.
1144 1389 1241 1421 Adde
1259 1393 1490 1437 Propertium,

785 1435 869 1465 libro
885 1445 910 1467 1.
932 1437 1030 1478 Eleg.
1049 1442 1098 1470 13.
1132 1440 1141 1457 ‘
1160 1442 1204 1471 Et
1217 1452 1343 1483 cupere
1360 1448 1488 1485 optatis

784 1485 927 1516 animam
954 1487 1125 1527 deponere
1155 1491 1255 1522 labris
1272 1492 1292 1523 :’
1325 1494 1372 1525 ita
1397 1496 1486 1527 enim

782 1535 1012 1576 scribendum,
1039 1547 1104 1568 non
1121 1540 1233 1579 verbis,
1264 1543 1352 1582 quod
1377 1549 1430 1576 est
1451 1545 1484 1576 in

781 1585 938 1625 vulgatis,
966 1588 1072 1618 multo
1096 1589 1204 1620 minus
1238 1592 1382 1623 membris
1405 1604 1483 1627 cum

779 1635 964 1675 Scaligero.
988 1637 1194 1670 Petronius:
1229 1641 1238 1656 ‘
1256 1641 1414 1674 haesimus
1429 1654 1485 1676 ca-

778 1685 901 1725 lentes,
929 1688 972 1718 Et
990 1688 1234 1721 transfudimus
1260 1692 1337 1724 binc
1354 1698 1388 1725 et
1404 1695 1482 1728 hinc

776 1735 908 1767 labellis
925 1738 1090 1770 Errantes
1122 1742 1275 1774 animas.'
1319 1745 1482 1777 Theocri-

777 1790 829 1817 tus
846 1787 880 1817 in
899 1788 1038 1829 Oarisss,
1062 1790 1119 1821 ubi
1137 1792 1242 1823 lusum
1260 1794 1402 1826 similem
1417 1797 1481 1828 Ve-

775 1837 905 1868 nerium
935 1839 1112 1880 describit,
1136 1841 1194 1872 τᾶν
1218 1844 1321 1882 ψυχὰν
1351 1846 1479 1882 ἐπιβάλ-

773 1891 840 1917 λειν
869 1888 966 1920 dixit.
1011 1889 1179 1930 Apuleius
1217 1895 1476 1936 epigrammate,

773 1937 827 1968 ubi
845 1937 887 1968 de
906 1937 1041 1970 Osculis
1058 1940 1213 1972 similiter
1231 1945 1322 1983 agit:
1348 1946 1356 1962 ‘
1375 1947 1474 1979 Quod

773 1987 800 2017 si
815 1988 959 2019 animam
978 1989 1136 2029 inspires,
1155 1992 1228 2031 jam
1247 1994 1333 2024 dona
1354 2000 1388 2026 et
1402 2006 1475 2027 car-

771 2037 862 2068 mina
884 2044 1001 2070 nostra
1025 2040 1158 2071 Cedent
1182 2042 1272 2073 victa
1293 2048 1350 2074 tuo
1367 2045 1475 2077 dulci-

768 2087 870 2128 loquo
884 2089 1038 2121 calamo.'
1082 2091 1169 2121 Bion
1185 2092 1359 2133 epitaphio
1383 2095 1472 2127 Ado-

768 2138 868 2170 nidis:
881 2140 1057 2171 Τοσσοῦτόν
1069 2153 1107 2179 με
1119 2141 1254 2181 φίλασον
1265 2142 1338 2174 ὅσον
1351 2144 1422 2184 ζώει
1434 2146 1471 2177 τὸ

767 2189 899 2229 φίλαμα·
917 2191 1025 2231 Ἀχρις
1041 2192 1100 2222 ἀπὸ
1118 2194 1219 2232 ψυχῆς
1235 2194 1265 2225 ἐς
1284 2195 1356 2234 ἐμὸν
1370 2196 1471 2237 στόμα

766 2240 828 2272 κείς
842 2241 914 2280 ἐμὸν
928 2241 1008 2283 ἧπαρ
1021 2244 1142 2283 Πνεῦμα
1151 2244 1223 2276 τεὸν
1237 2246 1340 2289 ῥεύσῃ.
1353 2249 1466 2280 Mani·

764 2292 838 2331 lius,
863 2293 947 2324 libro
965 2303 998 2325 v.
1023 2296 1031 2312 ‘
1049 2295 1177 2327 Oscula
1192 2301 1226 2327 et
1253 2298 1284 2327 in
1310 2300 1467 2339 proprias

764 2343 907 2373 animam
926 2344 1112 2376 transferre
1142 2347 1331 2379 medullas.'
1371 2350 1467 2390 Mox,

763 2396 801 2422 ut
827 2393 870 2423 ad
899 2394 1119 2426 Claudianum
1150 2402 1373 2438 revertamur,
1404 2410 1466 2440 pro

760 2443 876 2474 virtute
905 2447 1033 2484 paterna
1059 2446 1199 2487 Gyrald.
1219 2452 1255 2479 ct
1273 2449 1335 2489 pri.
1352 2450 1464 2482 Vatic.

757 2497 916 2534 proterva.
941 2496 986 2526 D.
1010 2496 1130 2528 Heins.

804 2547 865 2574 134
889 2545 949 2575 Sed
960 2547 1102 2586 precibus
1114 2548 1279 2589 placanda]
1316 2550 1462 2581 pacanda

759 2593 834 2634 lege
852 2604 928 2625 cum
946 2596 1023 2627 Vat.
1041 2601 1077 2627 ut
1095 2603 1191 2637 nupt.
1211 2598 1300 2628 Hon.
1329 2601 1338 2616 ‘
1358 2599 1460 2639 Iupa-

760 2649 837 2675 cata
850 2644 930 2676 licet
945 2646 1065 2678 saeviat
1082 2648 1269 2688 unguibus.'
1293 2650 1391 2680 Idem.

802 2697 862 2725 135
886 2695 1052 2736 Scythicas
1077 2697 1158 2738 iras]
1203 2699 1306 2729 Velut
1334 2704 1368 2730 et
1398 2698 1455 2729 has
