1763 3116
382 119 445 149 DE
479 118 638 148 RAPTU
676 116 1000 149 PROSERPINAE
1032 119 1126 148 LIB.
1160 121 1191 150 1.

107 209 210 249 Idam]
246 212 400 243 Montem
438 211 609 250 Phrygiae.
661 209 760 240 Unde

64 261 158 293 Idaea
172 262 249 293 olim
266 262 321 292 illa
338 261 440 301 regio.
475 259 589 290 Barth.

103 316 166 344 200
192 313 256 343 Hic
267 314 348 342 cedes
362 313 496 350 augusta
512 309 607 348 Deoe]
632 309 684 339 Ita
702 309 759 339 ΑΙ-

61 362 124 394 dus
146 368 180 394 et
197 363 314 402 scripti
339 361 514 391 meliores:
539 358 691 388 aliisedes
705 369 758 389 an-

58 417 169 452 gusla;
209 412 295 453 quod
324 419 502 451 perperam
540 409 683 449 arripuit
708 410 759 440 vir

60 462 192 493 doctus.
244 461 347 491 Ovid.
389 461 398 476 ‘
417 465 559 500 augusta
594 465 759 491 vocantur

58 512 196 551 Templa
219 510 432 541 sacerdotum
464 510 528 540 rite
556 509 668 540 dicata
692 520 759 541 ma-

59 563 126 592 nu.’
169 560 265 591 Idem
299 560 402 590 alibi:
442 562 450 577 4
469 560 553 592 Quis
582 561 676 591 100115
707 565 759 591 est·

36 611 193 651 ,templis
214 611 388 651 augustior
401 610 422 639 ?⁸
448 611 492 640 D.
511 610 620 641 Heins.

99 663 258 703 Aug-usta]
296 662 409 699 Cultu,
440 671 503 691 uon
535 662 665 700 spatio:
695 671 758 692 non

56 713 276 750 ornamentis,
292 712 350 741 sed
369 711 543 749 religione.
579 711 694 742 Barth.

100 766 160 793 201
188 763 288 797 Quam
317 762 408 801 pinus
435 760 609 799 obumbrat]
642 762 761 800 opacat

58 822 132 843 cnm
173 812 369 842 melioribus
406 811 542 850 scriptis
579 811 757 850 legendum

48 863 120 903 jam
147 862 231 892 vidit
256 861 448 892 Gronovius
472 865 594 891 noster.
644 860 759 891 Habes

56 912 90 943 id
105 913 244 943 verbum
261 911 350 951 apud
368 911 558 950 Virgilium,
573 911 648 941 Val.
667 911 759 941 Flac-

57 973 145 1001 cum,
159 966 193 992 et
209 962 302 991 alios.
336 961 450 999 Silius,
475 961 495 991 l.
513 969 596 990 xm.
614 961 622 976 ‘
644 961 758 999 Cingit

57 1016 158 1043 acuta
181 1021 294 1042 comas
320 1015 352 1041 et
378 1015 503 1050 opacat
529 1015 684 1049 tempora
713 1010 758 1049 pi-

55 1066 137 1094 nus.'
181 1062 288 1092 Paulo
312 1065 389 1101 post
415 1059 560 1098 coniferis
583 1061 758 1090 modulatur

54 1112 191 1143 carmina
218 1111 314 1141 ramis
336 1121 411 1142 cum
430 1111 539 1150 prima
555 1110 706 1141 editione
721 1116 757 1141 et

55 1161 256 1203 quibusdam
309 1160 514 1191 membranis
559 1160 755 1193 scribimus:

53 1211 182 1250 coniferi
198 1212 396 1241 modulantur
415 1211 495 1241 rami
519 1216 638 1241 contra
653 1211 757 1242 libros

56 1262 317 1301 Rapheleugius.
352 1262 394 1292 D.
410 1261 520 1291 Heius.

99 1311 216 1350 Pinus]
239 1311 344 1341 Sacra
376 1311 485 1341 Deum
516 1310 631 1341 matri.
669 1311 757 1341 Vide

54 1361 242 1392 doctissimi
275 1361 425 1391 Turuebi
466 1361 758 1400 Adversariorum,

55 1411 113 1442 lib.
132 1421 181 1442 XI.
198 1414 250 1442 22.
275 1412 391 1441 Barth.

99 1461 199 1491 Pinus
225 1461 347 1500 opacat]
384 1460 452 1490 Alii
487 1461 552 1500 leg.
585 1460 756 1491 obumbrat.

55 1511 172 1552 Cybeli
199 1510 299 1541 matri
327 1512 439 1541 Deum
466 1511 630 1541 altissima
656 1511 759 1542 311101·

55 1562 160 1592 Pinus
177 1571 218 1591 cx
243 1570 282 1591 11.
301 1560 427 1599 Georg.
449 1569 559 1599 sacra,
577 1561 652 1601 quia
669 1560 757 1601 Atys

57 1613 89 1643 iu
116 1622 187 1643 eam
213 1617 376 1650 1113131115,
402 1612 543 1642 Metam.
569 1621 603 1643 x.
630 1612 711 1643 Fab.
727 1615 757 1643 2.

55 1663 211 1694 Stat.lib.
232 1673 271 1694 11.
297 1663 417 1693 Senec.
440 1662 562 1693 Troad.
584 1663 706 1694 Choro.
730 1667 757 1694 1.

57 1715 217 1754 templum
235 1714 304 1753 ejus
320 1714 352 1744 iu
368 1714 460 1744 Luco
477 1713 599 1745 Pineo.
616 1714 689 1745 AEn.
707 1723 757 1746 lx.

55 1766 63 1781 ‘
82 1765 189 1795 Pinea
205 1765 301 1804 sylva
318 1764 393 1795 mihi
411 1764 536 1794 multos
550 1763 673 1794 dilecta
696 1774 757 1805 per

56 1814 181 1845 anuos.’
214 1814 342 1854 Cybele
365 1815 485 1846 Jovem
503 1814 700 1854 alloquitur,
722 1820 758 1846 et

55 1870 173 1906 mystae
206 1865 341 1905 pineam
378 1865 509 1895 hastam
545 1865 692 1905 vibrant,
720 1870 758 1897 ut

53 1914 258 1947 bacchantes
284 1916 448 1956 thyrsum.
498 1916 626 1946 Noster
650 1916 708 1946 lib.
734 1926 758 1948 1.

54 1964 86 1995 in
105 1966 244 2005 Eutrop.
260 1967 268 1982 4
284 1966 449 2006 Cymbala
464 1965 554 1996 ferre
569 1966 664 2005 licet,
681 1976 758 2007 pee-

58 2020 177 2055 tusque
196 2015 326 2046 illidere
343 2014 448 2055 pinu.’
486 2016 629 2055 Dempst.

97 2068 161 2095 202
198 2065 293 2095 Nulla
327 2065 468 2103 agitante
488 2066 637 2105 procella]
671 2067 759 2098 Dea-

56 2125 128 2145 rum
155 2115 243 2145 enim
270 2115 405 2145 sedibus
420 2120 540 2146 ventos
557 2121 592 2146 et
615 2121 760 2158 tempes-

58 2169 144 2196 tates
158 2165 343 2196 excludunt
362 2165 491 2196 Poeta».

97 2216 213 2255 Lucos]
239 2216 409 2256 Pleraque
436 2216 532 2247 Idola
554 2222 707 2248 veterum
727 2219 760 2248 in

54 2266 136 2297 lucis
153 2268 245 2297 culta
260 2267 477 2297 observamus
492 2267 584 2298 alibi.
622 2268 738 2299 Barth.

98 2318 160 2346 203
187 2316 326 2353 Coniseri
354 2316 449 2356 rami]
485 2318 541 2348 De
573 2319 645 2348 5013
678 2319 759 2358 pinu

58 2369 141 2404 puto
158 2374 344 2395 sermonem
370 2376 456 2405 esse,
478 2377 544 2407 qua
566 2368 758 2399 constiterit

58 2417 149 2443 totus
166 2413 229 2444 iste
247 2415 351 2445 lucus.

104 2463 263 2502 Carmina]
295 2466 378 2496 Quae
407 2466 439 2496 in
471 2466 625 2498 arborum
650 2469 759 2500 ventis

58 2513 293 2553 inspiratorum
313 2517 456 2546 susurris
472 2523 658 2556 agnoscunt
674 2519 759 2550 Poe-

61 2569 116 2593 tae.
152 2562 268 2594 Barth.

103 2616 165 2644 204
200 2613 328 2655 Thyasi]
362 2615 463 2646 Chori
493 2617 612 2648 matris
637 2618 758 2651 Deum.

60 2664 233 2695 notissima
249 2665 368 2695 onmia.
406 2666 503 2696 Idem.

1401 115 1515 158 1639

852 212 915 240 205
941 210 1093 252 Gemunt]
1116 212 1274 244 Obscuro
1297 219 1332 245 et
1353 218 1446 255 gravi
1463 228 1514 249 zo-

810 268 865 290 no.
905 260 1002 292 Idem.

852 312 916 340 206
941 310 1104 352 Gargara]
1127 312 1212 343 Vide
1229 313 1441 345 Macrobium
1458 316 1515 348 Sa-

811 362 990 393 turnalium
1010 365 1029 394 1.
1047 373 1078 394 v.
1096 374 1124 395 c.
1142 368 1194 395 20.
1242 365 1311 396 Ida-
1326 372 1378 397 est
1396 372 1513 399 vertex

810 410 992 443 fertilitate
1010 413 1140 445 nobilis.
1173 414 1273 445 Idem.

851 464 913 493 207
938 463 1115 504 Magnum]
1146 465 1266 497 Qualis
1293 465 1414 496 boatus
1445 471 1515 498 tau-

811 522 933 543 rorum.
966 514 1064 545 Idem.

853 565 916 593 208
942 563 1094 604 Corybas]
1134 565 1286 605 Corybas
1310 565 1447 597 Jasouis
1481 572 1516 599 et

812 613 956 652 Cybeles
974 613 1062 644 filius
1085 613 1141 644 τοῦ
1160 615 1275 655 πατρὸς
1297 614 1339 646 εἷς
1355 615 1449 647 Θεοὺς
1464 628 1516 654 με-

810 662 995 703 ταστάντος,
1013 665 1045 694 111
1063 663 1177 694 Α513111
1195 675 1294 695 sacra
1318 666 1430 696 Deum
1448 675 1516 697 ma—

812 713 870 742 tris
887 713 1043 754 princeps
1060 714 1183 746 intulit.
1231 715 1320 746 Hinc
1348 722 1516 756 perpetua

812 764 1025 794 successione
1069 765 1282 805 Corybantes
1323 766 1408 797 dicti
1444 767 1516 807 ejus

812 812 909 843 Diva:
948 813 1145 844 sacerdotes
1187 814 1374 846 furibundi.
1432 817 1516 848 Erat

810 863 896 892 enim
909 873 1022 893 eorum
1040 862 1139 894 officii
1159 865 1316 895 simulato
1338 867 1516 906 repentino

810 911 920 942 surore
946 913 977 943 in
1002 913 1115 944 orbem
1135 924 1273 946 currere
1299 920 1334 946 et
1353 915 1443 948 ferro
1468 926 1516 947 so-

809 971 892 992 nora
909 973 1002 993 arma
1018 964 1163 1002 pulsare.
1198 965 1297 996 Idem.

851 1014 915 1042 209
938 1013 1065 1052 Russus]
1095 1013 1166 1044 Has
1197 1013 1362 1046 inflabant
1388 1016 1439 1046 his
1464 1026 1514 1047 sa—

808 1062 872 1092 cris
889 1067 1083 1101 operantes.

851 1113 931 1143 AEra
946 1112 1069 1153 sonant]
1094 1112 1177 1144 Illisi
1194 1123 1303 1145 enses.
1330 1114 1420 1145 Sono
1438 1116 1513 1146 aeris

807 1162 917 1194 inesse
935 1173 1035 1194 voces
1058 1164 1263 1194 Daemonum
1285 1164 1515 1204 opinabantur

808 1214 960 1244 nonnulli
977 1213 1176 1252 δοκησισόφοι
1192 1219 1337 1245 veteres.
1375 1215 1493 1246 Barth.

853 1263 1054 1303 Blandasque
1083 1263 1196 1303 leones]
1229 1264 1307 1294 Non
1341 1263 1515 1304 blandique,

809 1312 957 1343 codices.
993 1313 1037 1343 D.
1057 1313 1168 1345 Heius.

852 1365 911 1392 211
939 1362 1079 1393 Intendit
1099 1364 1140 1393 ad
1162 1363 1264 1392 oscula
1279 1362 1395 1402 turres]
1419 1363 1514 1395 Libri

809 1412 946 1452 quidam
973 1413 1134 1448 extendit;
1165 1417 1201 1443 ut
1226 1411 1334 1444 infra:
1357 1413 1366 1430 ‘
1384 1415 1514 1445 Exten-

809 1461 894 1492 dunt
910 1462 1020 1492 socios
1037 1462 1079 1492 ad
1096 1463 1218 1502 pocula
1230 1463 1331 1502 plena
1343 1463 1515 1495 cerastas!

811 1511 909 1542 Idem.

852 1564 914 1592 212
938 1561 1034 1601 Arce]
1060 1562 1165 1593 Coelo.
1197 1563 1314 1593 Barth.

852 1613 914 1642 213
940 1611 1059 1641 BIentis
1082 1612 1257 1651 penetralia
1283 1611 1395 1650 nudat]
1429 1613 1513 1644 Tres

810 1660 917 1691 nostri
941 1664 1091 1691 monstrat
1105 1672 1115 1691 .·
1137 1661 1204 1691 duo
1223 1661 1417 1699 Pulmanni,
1437 1671 1514 1701 pan-

808 1710 879 1746 dit;
903 1710 1072 1750 quomodo
1090 1720 1212 1750 supra:
1240 1712 1248 1727 4
1265 1711 1334 1741 Vos
1360 1711 1440 1741 mihi
1466 1721 1515 1742 53-

809 1769 942 1790 crarum
976 1761 1166 1800 penetralia
1202 1761 1343 1800 paudite
1378 1761 1517 1793 rerum!

810 1811 862 1841 De
878 1811 1014 1841 nudandi
1030 1810 1135 1841 verbo
1163 1814 1276 1842 tamen
1302 1811 1365 1841 hac
1389 1811 1515 1852 signifi-

810 1862 944 1892 catione
968 1861 1126 1892 videatur
1153 1861 1403 1892 eruditissimus
1427 1863 1515 1893 Gro-

811 1913 927 1944 novius
956 1913 1056 1944 Notis
1080 1913 1120 1943 ad
1149 1913 1280 1944 Livium
1306 1914 1391 1944 libro
1417 1923 1514 1945 κων.

811 1973 841 1995 0.
859 1966 909 1994 38,
942 1964 986 1995 D.
1004 1964 1116 1995 Heius.

854 2014 980 2054 Nudat]
1004 2014 1044 2045 Id
1061 2019 1127 2051 est,
1144 2014 1283 2045 indicat.
1319 2014 1407 2045 Clau.

853 2069 916 2097 217
940 2065 994 2096 Sic
1017 2066 1127 2096 cecinit
1150 2065 1288 2105 Themis]
1321 2066 1412 2096 Olim
1442 2075 1516 2096 ora-

811 2118 921 2148 culum
951 2127 1055 2157 penes
1081 2117 1290 2155 Themidem‚
1313 2116 1370 2146 lib.
1393 2125 1417 2146 1.
1442 2116 1516 2146 Mc-

812 2172 890 2198 tam.
908 2168 990 2198 Fab.
1004 2170 1034 2198 7.
1053 2167 1184 2206 Interp.
1201 2166 1360 2198 Juvenal.
1386 2165 1427 2196 ad
1445 2165 1516 2196 Sat.

811 2226 835 2247 1.
855 2218 981 2248 Lucan.
998 2218 1020 2248 1.
1035 2226 1068 2247 v.
1088 2227 1135 2248 vs.
1151 2219 1203 2247 81.
1227 2216 1342 2247 Sidou.
1360 2216 1517 2246 Carnuv.

811 2269 868 2298 ‘si
893 2268 1039 2308 denique
1064 2277 1179 2298 verum
1203 2267 1348 2306 Phoebe,
1377 2267 1516 2297 Themis

811 2319 954 2349 Dodona
984 2318 1099 2348 cauis?
1143 2319 1188 2349 Et
1218 2318 1330 2348 Carxu.
1361 2327 1410 2348 ix.
1437 2319 1446 2334 4
1466 2327 1517 2347 10-

811 2379 936 2410 sponsa
976 2373 1034 2399 aut
1066 2368 1242 2399 Themidis
1285 2368 1399 2408 priora
1438 2368 1517 2399 Del-

810 2420 908 2460 phis?
942 2420 1087 2460 Dempst.
1553 2462 1557 2463 .

855 2470 992 2510 Cecinit]
1028 2470 1224 2501 Vaticinata
1249 2474 1312 2500 est.
1350 2469 1405 2499 Dc
1429 2468 1516 2498 The-

809 2521 916 2552 midos
946 2521 1177 2551 vetustissimo
1197 2520 1334 2551 oraculo
1362 2523 1516 2549 notatum

805 2572 877 2612 jam
895 2577 931 2602 et
947 2571 1032 2602 aliis.
1068 2571 1184 2601 Barth.

853 2624 916 2652 218
941 2622 1019 2652 Rem
1033 2620 1159 2661 peragit
1171 2619 1306 2659 tempus]
1329 2618 1363 2649 Si
1383 2623 1515 2655 tempus

807 2676 970 2710 perageret
1000 2680 1077 2710 rem,
1104 2679 1170 2710 quo
1213 2674 1315 2710 pacto
1345 2677 1411 2698 11011
1442 2665 1515 2695 sine
