1763 3116
302 125 528 156 Erl'rHAL.
560 121 798 153 PALLADII
836 121 894 150 ET
927 119 1207 151 GELERINAE.

30 219 181 260 dignatio
204 221 357 261 qnmclam
382 219 515 250 occulta
541 217 573 248 in
596 217 726 254 Musas,

29 282 169 313 quarum
182 273 350 303 cantatrix
370 276 402 301 ct
429 268 634 308 l'liilosoplia
657 277 727 298 cas-

31 323 110 354 titas
133 323 238 353 invisa
262 321 397 352 Veneri.
444 320 725 350 (3211·1xlusasnon

29 372 187 402 incendat
212 371 334 401 Amore
352 369 496 408 Cupido,
510 377 643 399 caussas
660 377 725 398 non

28 422 205 453 invenuste
239 425 377 451 narrant
408 419 546 450 Lucium
578 419 725 458 Dialogi.

31 471 146 502 Barth.

70 523 111 551 47
139 519 263 559 Tecum]
300 520 390 559 Solo,
420 518 551 549 nemine
580 518 726 550 conscio.

28 569 123 601 Idem.

69 622 111 650 45
138 619 291 659 Cithara]
330 619 488 650 Urbanus
514 619 620 649 omnis
653 628 729 648 can-

27 676 93 710 tus,
108 681 205 712 quem
225 672 322 711 Lyrae
339 671 442 702 etium
465 670 629 701 vocabulo
647 669 729 699 indi-

26 722 118 752 cavit
135 731 248 761 supra.

70 773 192 813 Lycai]
218 773 318 803 Mons
347 772 507 803 Arcadiae
535 780 632 812 quem
655 780 729 810 per-

28 827 130 863 petuo
161 823 312 853 babitare
340 823 454 853 cantui
489 822 653 861 pastorali
681 821 729 851 in-

28 872 168 911 dulgens
185 872 324 911 fingitur
340 873 426 903 Pau.
461 872 578 902 Barth.

69 924 112 952 49
134 922 237 961 Atque
253 931 346 960 pecus
370 920 470 959 cordi]
498 922 632 960 Jamque
661 920 728 951 dno

27 971 146 1003 Medd.
176 971 289 1001 palat.
314 977 348 1001 et
375 980 458 1000 unus
481 970 601 1001 Petav.
625 971 729 1009 Atque

25 1031 128 1053 nemus
142 1020 300 1052 Amin-os.
347 1021 436 1051 Puto
467 1021 582 1051 ιῙιιιηηε
614 1030 727 1051 nemus.

28 1073 111 1104 Mox
139 1082 198 1112 pro
223 1074 318 1102 tmztoe
347 1072 489 1102 anens.
520 1074 555 1100 et
583 1070 726 1109 Gyraltl.

27 1125 149 1152 tantas:
183 1121 274 1161 prior
309 1120 437 1151 Mureti
473 1120 597 1150 tacitam¹
633 1120 727 1160 prim.

27 1171 104 1203 Vat.
130 1175 165 1202 et
191 1175 263 1212 opt.
299 1170 455 1203 Ambros.
485 1171 619 1201 landem.
680 1171 726 1201 D.

27 1224 147 1255 Heius.

70 1273 183 1313 Pecus]
207 1272 304 1305 Quod
323 1272 381 1304 tali
398 1276 501 1303 cantu
520 1272 660 1302 mulceri
678 1282 728 1302 so·

25 1325 84 1356 let.
118 1324 234 1355 Barth.

69 1377 110 1405 50
136 1374 210 1404 Huc
233 1373 318 1413 ades]
353 1373 547 1404 Seriuscnla
578 1373 730 1412 increpa-

26 1424 189 1455 tiuncula.
229 1424 353 1453 Verum
373 1428 420 1460 tu,
438 1423 558 1462 inquit,
573 1423 653 1452 ades
666 1423 730 1452 huc

26 1474 134 1512 nobis,
157 1477 191 1504 et
215 1472 298 1503 illud
324 1471 486 1509 edissere,
510 1472 599 1512 quod
618 1472 730 1511 potius

27 1528 91 1563 cst,
107 1527 209 1564 atque
223 1522 273 1553 tui
290 1522 447 1552 muueris.
472 1522 568 1552 Idem.

69 1577 108 1604 51
146 1574 223 1608 Qnoe
249 1582 360 1612 pompa
390 1571 493 1611 thoro]
533 1572 623 1611 Lege
653 1580 731 1602 cnm

27 1624 140 1656 Vatic.
157 1629 192 1654 et
217 1622 376 1654 Ambros.
402 1622 549 1662 optimiS,
565 1622 615 1652 ειιὶ
631 1622 732 1652 thoro.

28 1675 70 1706 D.
85 1675 205 1706 Heius.

67 1727 109 1756 56
125 1725 222 1762 Dira,
239 1721 422 1762 morantem]
445 1722 549 1753 Prim.
564 1722 677 1753 Vatie.
695 1726 731 1753 et

27 1774 184 1806 Ambros.
202 1774 316 1813 iidem,
333 1773 459 1803 morari.
498 1773 581 1803 Mox
594 1772 732 1803 mirabar

27 1825 100 1866 quid
114 1834 178 1855 non
194 1826 271 1864 quod
293 1823 428 1862 scrib03
455 1823 623 1864 quomodo
647 1823 730 1854 Bar-

28 1875 116 1906 thius
144 1885 278 1916 quoque
305 1874 394 1905 curis
425 1873 594 1905 secundis.
631 1874 730 1914 Virg.

25 1927 34 1943 ‘
49 1926 202 1957 Mirabar
216 1925 293 1966 qnid
305 1929 425 1955 maesta
440 1925 544 1963 Deos,
556 1923 731 1964 Amaryssi,

30 1976 192 2007 vocares)
239 1975 454 2015 Propertius,
469 1975 490 2005 l.
509 1984 564 2005 111.
589 1974 683 2014 Eleg.
701 1977 732 2005 9.

30 2025 212 2057 ‘Mirabar
242 2026 401 2066 quidnam
432 2025 603 2055 misissent
634 2033 731 2055 mane

30 2076 200 2108 Camoenae
215 2075 305 2106 Ante
323 2085 432 2105 meum
446 2079 574 2105 stantes
589 2075 666 2106 Sole
680 2085 732 2105 rn-

30 2127 134 2158 bente
161 2131 270 2158 torum
287 2126 306 2156 ε’
330 2136 395 2166 qno
423 2126 495 2156 loco
518 2125 734 2157 scribendum

30 2177 190 2213 visissent;
215 2181 250 2207 ut
274 2182 310 2206 et
335 2176 436 2216 paulo
459 2180 548 2216 post,
573 2176 582 2192 ⁴
601 2176 735 2207 Natalis

30 2234 155 2261 nostrae
179 2229 311 2269 signnm
337 2229 446 2259 visere
471 2227 628 2268 pitellae2’
653 2227 735 2258 scri-

31 2279 177 2312 bendum
194 2280 295 2311 etiam
310 2279 382 2310 Sole
397 2279 525 2310 oriente.
556 2279 735 2309 Terentius

33 2331 185 2362 Eunuch.
208 2331 287 2361 Act.
306 2339 345 2361 ιι.
363 2330 418 2361 Sc.
435 2333 466 2361 2.
491 2333 498 2347 ‘
519 2330 627 2360 Miror
655 2329 735 2370 quid

33 2383 68 2414 in
93 2382 208 2413 Piraeo
237 2381 379 2413 abierit?
426 2382 546 2412 Cicero
572 2381 735 2412 Trebatio

33 2433 58 2465 l.
74 2440 139 2463 vn.
156 2432 218 2472 Ep.
237 2432 356 2462 Famil.
374 2434 425 2462 12.
450 2432 457 2447 ‘
476 2431 631 2462 Mirabar
655 2430 735 2472 quid

36 2485 138 2521 esset,
164 2480 253 2521 qnod
279 2485 316 2511 tu
342 2480 423 2511 mibi
452 2481 567 2512 literas
594 2481 735 2512 mittere

36 2530 294 2564 intermisisses!
319 2532 415 2562 Idem.

79 2585 119 2613 57
139 2581 227 2616 Quod
241 2580 354 2620 adhuc]
369 2580 461 2612 Quid
478 2589 644 2618 maneres,
655 2579 735 2620 quid

37 2638 170 2666 tantum
187 2631 250 2662 tibi
266 2631 425 2661 obvenire
447 2636 504 2661 ant
521 2630 622 2670 objici
638 2634 735 2670 potu—

38 2685 116 2727 erit,
141 2688 180 2717 ut
201 2692 268 2715 non
289 2682 422 2714 adesses
447 2686 568 2724 sponte
594 2685 653 2712 tua
676 2682 736 2712 tali

1367 110 1481 153 1615

781 215 946 255 conjugio.
973 214 1089 245 Barth.

822 269 863 296 58
890 263 1156 304 Tibimandatur]
1187 263 1266 294 Tuis
1293 264 1397 295 sacris
1421 265 1481 296 ini-

780 317 897 356 tiatur,
911 321 969 347 tuo
983 315 1131 355 Imperio
1148 314 1373 345 submittitur.
1403 316 1480 346 Ori-

779 367 889 407 ginem
923 371 1024 396 vocat
1060 365 1304 395 successionem
1336 365 1480 395 votivam

779 417 916 456 sobolis,
939 417 1036 456 cujus
1054 416 1124 446 sine
1141 415 1294 455 legitimo
1322 415 1482 454 conjugio

780 469 872 499 nulla
888 473 939 499 est
956 467 1149 506 mstimatio,
1167 477 1234 508 quo
1251 467 1387 497 nomine
1409 465 1483 506 Hy-

779 529 943 549 menaeum
961 518 1038 549 Diis
1061 518 1215 549 omnibus
1238 517 1374 549 caeteris
1396 526 1484 558 prae-

780 569 848 601 fert
864 569 1028 601 Catullus.
1055 570 1150 600 Idem.

823 624 864 651 59
898 620 1017 659 Legum
1042 618 1187 658 culmine]
1223 617 1484 658 Magistratibus

782 670 898 711 gestis
925 671 1020 701 Idem.

824 725 864 752 60
880 722 1074 752 chtissimns
1088 720 1172 760 urbi]
1197 719 1398 751 Lectissimus
1409 727 1484 758 sep-

783 777 849 802 tem
868 772 1002 811 scripti.
1019 771 1130 802 Yutic.
1148 776 1182 801 et
1202 770 1358 800 Ambros.
1384 767 1486 799 lectis-

780 823 875 852 simus
905 822 995 857 orbi,-
1030 822 1077 852 sic
1109 821 1273 861 ‘juvenes
1298 817 1485 849 lectissima

781 871 872 901 bello
902 870 1072 901 Pectora)
1117 870 1201 900 Mox
1231 869 1316 899 bene
1333 866 1486 907 fluctibus

781 933 856 953 cum
874 922 1009 961 scriptis
1025 921 1288 961 Raplielongius.
1325 919 1388 955 Qui
1403 920 1486 950 locus

779 982 844 1002 non
865 972 944 1006 Quis
960 972 1022 1011 pri.
1038 971 1153 1001 Vatic.
1177 970 1221 1000 D.
1241 970 1354 999 Heius.

822 1025 861 1052 61
890 1021 1006 1051 Rubris
1020 1019 1247 1061 qurefluctibus
1261 1019 1362 1049 insula
1375 1018 1487 1058 latrat]

780 1072 903 1103 Sonum
922 1071 1058 1101 videtur
1081 1068 1232 1100 alludere
1249 1067 1414 1100 fluctuum
1431 1068 1485 1098 lit-

780 1128 832 1154 tus
847 1122 1055 1153 ferientium.
1079 1120 1196 1151 Barth.

821 1175 862 1203 63
887 1171 1041 1203 Successit
1057 1169 1156 1209 regio]
1190 1167 1323 1199 Secessit
1346 1177 1422 1198 cnm
1447 1166 1487 1197 li-

780 1222 849 1253 bris
867 1215 901 1252 et
918 1220 1074 1251 Bartliio.
1104 1217 1268 1259 Sequenti
1286 1226 1384 1248 versu
1396 1226 1487 1258 pene-

780 1272 875 1302 trarit
889 1271 1010 1301 malim.
1034 1270 1078 1300 D.
1096 1268 1209 1299 Heius.

824 1322 960 1352 Rumor-e
992 1320 1136 1359 secundo]
1193 1318 1297 1348 Fama
1337 1315 1488 1348 favente.

782 1371 897 1402 Barth.

825 1424 865 1451 ot
890 1420 1038 1458 Benigna
1058 1416 1245 1458 Temperies]
1281 1417 1388 1449 Quam
1422 1416 1486 1446 Re-

783 1470 876 1511 genti
905 1470 1053 1509 Populos
1080 1474 1139 1500 ant
1165 1468 1278 1498 Urbes
1306 1466 1386 1497 alibi
1412 1475 1485 1506 prae

783 1519 916 1551 cacteris
940 1518 1095 1550 omnibus
1111 1517 1296 1548 virtutibus
1320 1525 1489 1548 commen·

783 1570 844 1600 dat
858 1569 1076 1599 Claudianus.
1101 1569 1199 1599 Idem.

826 1623 865 1650 65
882 1620 1035 1659 Doclique
1047 1618 1138 1657 sales]
1163 1617 1345 1657 Scripsisse
1360 1615 1487 1656 aliquid

783 1669 951 1700 Musicnm
983 1669 1071 1699 hunc
1114 1667 1318 1706 Palladium,
1353 1670 1488 1706 patrem

782 1719 856 1759 ejus
873 1720 926 1749 cui
945 1718 1199 1759 Epithalamion
1212 1718 1274 1748 boc
1287 1715 1488 1753 canitur,ex

782 1771 843 1801 boc
862 1771 936 1801 loco
956 1770 1142 1801 arbitreris

828 1821 931 1851 Grata
945 1820 1097 1859 senectus]
1132 1820 1218 1852 Quae
1235 1817 1402 1849 suavitate
1419 1825 1488 1848 mo·

782 1882 855 1903 rum
873 1871 1017 1902 maxime
1035 1869 1304 1901 commendatur.
1329 1867 1444 1898 Barth.

827 1924 871 1953 Et
885 1925 982 1962 grata
1008 1921 1162 1961 senectus]
1194 1920 1272 1950 Duo
1298 1916 1489 1948 Florentini

784 1979 819 2005 et
839 1978 919 2004 tert.
934 1972 1046 2003 Vatic.
1071 1981 1147 2002 cum
1171 1969 1359 2007 Oiseliano,
1380 1970 1489 2006 ωηιξη,-

783 2028 866 2065 puto
898 2031 959 2063 pro
987 2025 1090 2052 tersa.-
1124 2024 1271 2061 qnatuor
1296 2018 1352 2048 alii
1378 2017 1489 2048 amica.

782 2073 942 2106 Juvenal.
959 2072 1029 2103 Sat.
1046 2080 1094 2102 1v.
1118 2071 1126 2086 ‘
1145 2069 1256 2109 Crispi
1268 2067 1423 2108 jucunda
1440 2075 1490 2097 se-

784 2122 930 2154 nectus.'
951 2123 1036 2153 Mox
1053 2121 1195 2159 benignoe
1212 2123 1308 2150 recte
1325 2116 1490 2158 opt.Am·

784 2174 872 2205 bros.
898 2174 944 2206 D.
962 2172 1073 2204 Heius.

829 2228 870 2256 08
895 2226 996 2256 Eoum
1011 2222 1135 2262 stabili]
1165 2220 1376 2252 Praefectum
1395 2219 1491 2250 Prae·

787 2276 874 2308 torio
893 2274 1046 2306 Orientis
1064 2273 1164 2305 fuisse
1180 2271 1319 2303 indicat.
1367 2270 1492 2300 Potest

787 2332 823 2358 et
856 2326 933 2358 Urbi
963 2323 1169 2362 Praefectus,
1203 2332 1300 2353 novae
1331 2320 1492 2352 videlicet

789 2378 922 2415 Romae,
938 2375 1092 2407 indicari.
1139 2373 1359 2405 Consulatum
1377 2371 1492 2402 exclu-

789 2428 839 2458 dit
855 2427 892 2458 τὸ
907 2427 1024 2458 stabili.
1048 2425 1167 2456 Barth.

831 2482 872 2510 69
908 2478 975 2509 Hic
1004 2478 1146 2518 splendor
1166 2474 1329 2514 juvenum]
1378 2471 1492 2503 Juveni

787 2540 862 2561 cum
877 2529 1014 2569 scriptis
1032 2527 1229 2567 legendum,
1246 2525 1334 2566 quod
1351 2524 1392 2555 ab
1418 2522 1491 2553 aliis

781 2581 852 2621 jam
868 2583 1088 2619 occupatum.
1126 2578 1232 2617 Lege,
1250 2575 1337 2606 Hinc
1350 2573 1492 2615 splendor

785 2630 912 2667 '’ut-enm
935 2634 972 2660 ut
982 2628 1061 2660 alibi
1076 2630 1084 2645 ‘
1095 2626 1173 2658 hinc
1186 2627 1292 2658 honor
1303 2618 1493 2663 Eutropio!

790 2681 834 2711 D.
851 2679 963 2711 Heius.
