1859 3148
328 229 439 271 1604

372 337 411 365 11
429 332 570 371 Dignius
581 341 620 361 an
636 330 735 369 vates]
751 329 847 360 Haud
862 331 948 358 rates
961 327 1030 366 Gy-

329 385 412 416 rald.
428 390 463 414 et
488 383 607 421 lsingr.
632 382 713 412 Mox
733 390 794 420 pro
821 379 899 419 qnod
925 381 1031 418 sponte

329 437 495 475 redempto,
525 439 595 473 opt.
628 432 784 462 Amin-os.
821 432 958 459 consorte
984 436 1031 457 re-

330 487 472 525 dempto:
509 485 602 523 cujus
632 483 738 522 glossa
769 481 800 510 111
831 478 1033 519 Gyraldfflo,

331 537 409 575 quod
424 538 530 576 sponte
543 534 665 562 marito.
690 532 732 561 D.
752 530 872 560 Heius.

379 588 414 615 13
444 583 598 621 Thcssala]
621 581 781 619 Alcestis,
795 579 1032 610 Thessalorum

333 637 421 675 101115
454 634 545 663 Pelei
583 631 662 662 tilia.
718 629 807 661 Vide
848 629 1035 669 Hyginum,

335 687 416 717 Fal).
435 688 486 714 51.
514 682 628 713 Barth.

378 737 413 764 11
439 734 516 763 Saos
531 729 640 769 annos]
664 731 713 760 Ex
739 733 816 759 voto
833 726 1031 758 voventium

334 784 531 814 felicitatem
549 782 656 819 longae
686 779 763 809 vitm
792 778 1035 813 Romanorum,

334 834 375 864 (10
393 833 457 862 suis
475 831 630 861 nimirum
655 829 750 859 annis
775 827 853 856 addi
871 826 911 856 ad
936 824 1034 855 illius.

336 882 548 923 Propertius,
562 880 648 909 libro
665 888 713 909 11.
737 878 746 893 ‘
762 876 858 909 Quod
877 875 958 905 milii
978 874 1034 904 de-

336 938 476 964 tractum
495 936 558 969 est,
575 935 703 961 vestros
728 931 898 958 accrescat
914 926 955 956 1111
977 934 1034 954 an-

334 993 406 1022 nos,
437 983 538 1013 Prole
566 991 641 1011 mea
670 979 825 1010 Paullum
861 977 908 1007 sic
935 976 1037 1016 juvet

334 1043 406 1065 esse
424 1031 558 1062 senem.¹
585 1032 680 1061 Idem.

380 1084 523 1121 Migrare
539 1081 651 1120 virum]
684 1077 900 1109 anlitlianns
928 1075 1037 1106 codex

336 1133 439 1163 viros.-
459 1133 533 1169 legc
550 1131 625 1160 viro.
650 1131 695 1159 D.
715 1128 837 1158 Hcins.

383 1186 421 1213 16
446 1179 608 1220 Tanaquil]
642 1180 735 1209 Uxor
761 1176 928 1217 quondam
955 1175 1038 1206 Tar-

339 1231 443 1272 quinii
463 1230 583 1268 Prisci,
600 1228 752 1258 fatidica.
778 1227 897 1257 Barth.

383 1285 422 1312 18
448 1279 595 1318 Claudia]
611 1278 756 1308 Vestalis
779 1276 932 1307 Claudia.
956 1274 1038 1305 Vise

338 1330 511 1361 Valerium
530 1328 738 1364 Maximnm3
761 1326 892 1363 Silium,
910 1325 930 1354 l.
949 1333 1038 1354 xvn.

341 1381 438 1411 Idem.

385 1429 478 1460 Crine
510 1426 668 1466 Cybellen]
708 1425 795 1455 Fune
824 1422 1039 1454 scribendum

339 1479 498 1521 putabam
512 1477 603 1515 olim,
615 1485 657 1506 cx
674 1475 729 1505 illo
747 1473 916 1514 Propertii
933 1475 962 1503 :‘
976 1474 1040 1504 Vel

339 1534 373 1559 tu
400 1538 475 1569 qnae
502 1531 630 1558 castam
657 1525 791 1556 movisti
816 1523 897 1554 fune
918 1523 1040 1563 Cybel-

337 1579 392 1609 len
431 1577 585 1613 Claudia,
616 1576 746 1606 turritae
778 1583 854 1604 rara
887 1572 1041 1603 ministra

340 1627 458 1659 Deaet’
483 1627 540 1657 sed
569 1630 736 1666 oportune
761 1624 886 1655 erroris
914 1632 967 1653 me
984 1622 1040 1653 ad-

340 1677 472 1710 monuit
487 1677 548 1707 Vir
576 1676 627 1707 Cl.
656 1675 821 1705 Albertns
851 1671 1040 1710 Rubenius,

341 1737 470 1759 summa
485 1727 660 1757 literarum
678 1735 716 1755 ac
740 1724 901 1754 bonarum
919 1723 1041 1753 artium

342 1788 418 1810 011111
437 1778 574 1817 jactura
603 1785 620 1806 e
648 1775 732 1805 vivis
754 1783 861 1813 nuper
893 1777 1041 1812 ereptus.

342 1826 532 1859 Adferebat
550 1826 604 1856 ille
620 1824 747 1855 Sidonii
774 1823 980 1864 Apollinaris
997 1823 1041 1853 lo-

343 1888 419 1909 cum
447 1887 547 1908 carm.
585 1884 685 1906 xxiv.
718 1874 774 1914 qui
806 1874 977 1913 vulgatam
1008 1872 1042 1902 in

343 1928 529 1960 Claudiano
550 1930 666 1956 nostro
685 1924 889 1963 scripturam
907 1932 1043 1962 prorsus

343 1977 533 2015 confirmat,
547 1977 638 2006 111500
651 1974 817 2005 versibus:
833 1974 841 1988 ‘
851 1973 967 2005 Qualis
981 1982 1043 2003 nee

343 2027 504 2068 Phrygias
531 2027 644 2056 dicata
661 2026 790 2063 Vestae,
815 2025 898 2055 Qum
924 2028 1044 2054 contra

344 2077 427 2107 satis
452 2076 607 2106 Albulam
637 2078 822 2104 tumentem
852 2072 960 2103 Duxit
981 2072 1044 2102 vir-

346 2127 444 2167 gineo
471 2132 578 2156 ratem
610 2123 757 2164 011111110.’
813 2123 880 2153 Alii
911 2123 1044 2162 cingulo

345 2176 497 2207 Claudia·
525 2186 643 2206 navem
672 2174 808 2204 ductam
827 2179 1042 2204 asseverant:

345 2235 428 2267 quos
454 2227 542 2256 inter
565 2225 792 2255 Tertullianus
819 2228 852 2254 et
877 2224 1046 2263 Hierony-

343 2285 428 2313 mus,
445 2285 519 2306 cuin
547 2275 720 2306 Lactantio
747 2279 782 2304 et
805 2273 956 2304 Minucio
985 2274 1045 2304 Fe-

343 2326 418 2357 lice.
443 2327 490 2356 D.
510 2326 621 2356 Heius.

391 2378 429 2406 19
456 2376 611 2405 Farminis
650 2374 736 2413 actu]
782 2375 886 2404 Velut
919 2373 1044 2405 fabula.

345 2425 418 2465 Ego
434 2428 535 2455 actum
552 2425 606 2455 hic
634 2425 764 2462 orbem,
789 2423 915 2461 κύκλον,
941 2434 1045 2464 expo-

345 2484 426 2505 nere
443 2475 566 2511 malini,
584 2479 654 2505 toto
680 2475 735 2504 illo
761 2474 917 2504 absoluto
949 2474 1044 2504 Orbe

347 2524 397 2555 sui
429 2524 603 2555 Poematis
639 2524 783 2554 scilicct.
830 2524 883 2553 Ita
923 2524 1043 2554 Maro:

346 2574 355 2590 ‘
369 2573 456 2604 redit
470 2573 625 2613 agricolis
642 2573 736 2603 labor
753 2578 845 2603 actus
862 2573 894 2603 in
908 2572 1045 2603 orbem!

348 2625 466 2655 Barth.

389 2677 431 2705 20
455 2675 546 2705 silens
560 2674 640 2714 alta]
664 2675 786 2704 Vatum
814 2673 912 2713 tales,
933 2678 971 2703 nt
999 2673 1045 2703 in·

348 2725 474 2755 accessi
496 2725 621 2765 populo
643 2723 785 2767 afflatus,
811 2723 892 2765 ipsis
909 2722 1045 2766 quidem

349 2773 506 2806 testibus.
529 2774 626 2806 Idem.

536 237 677 269 NOTAE
706 234 969 267 VARIORUM
1004 233 1052 263 ΙΝ
1090 232 1165 262 CL.
1198 229 1383 260 CLAUD.
1417 227 1570 257 xxix.

1123 327 1164 355 21
1190 321 1351 361 Armavit]
1392 319 1535 351 Armorit
1562 316 1696 350 Buslid.
1737 319 1783 352 D.

1084 374 1195 404 Heim.

1124 428 1164 455 25
1191 423 1341 463 Penelope
1368 422 1458 452 decus
1481 423 1573 460 atque
1597 417 1701 458 suum]
1726 418 1788 450 Lo-

1083 484 1142 504 cus
1172 473 1414 504 vexatissimus.
1460 468 1712 510 Raplielengius
1744 477 1786 499 ex

1085 523 1280 563 conjectura
1294 523 1355 553 viri
1369 521 1502 552 maximi
1519 520 1686 558 Penelopes
1697 519 1789 549 decus

1083 583 1272 613 oequoevum,·
1296 577 1332 603 ct
1354 582 1431 602 mox
1447 573 1570 611 paratu.
1615 567 1780 599 Beliotius

1085 623 1117 652 in
1143 622 1386 662 ApoplioretiS,
1417 621 1577 660 Penelopae
1592 620 1682 649 decus
1698 621 1790 658 atque

1084 683 1183 712 suum,
1208 673 1346 702 minima
1362 672 1548 702 mutatione
1565 681 1571 700 z
1601 668 1788 708 Penelopae

1086 724 1189 753 decus
1213 728 1248 754 et
1267 723 1419 753 Homeri.
1477 719 1652 751 Claverins
1674 728 1717 748 ex
1733 727 1792 749 ve-

1086 773 1149 803 teri
1166 773 1264 811 libro,
1291 773 1441 811 Penelope
1468 772 1558 800 decus
1584 778 1659 799 ausa
1682 777 1793 799 suum:

1087 821 1146 852 5011
1166 821 1256 851 illam
1275 820 1408 860 anacii
1426 819 1539 859 potius
1555 817 1789 857 conjecturam

1087 871 1289 901 existimem.
1333 869 1491 910 Torquet
1507 875 1542 899 et
1570 877 1604 898 se
1620 867 1674 898 1110
1691 865 1790 897 valde

1088 920 1271 951 Bartliius:
1305 919 1403 958 prim.
1429 918 1587 949 Vatican.
1615 917 1728 947 Palat.
1756 921 1792 948 et

1088 971 1208 1001 Petav.
1226 980 1301 1001 011111
1328 969 1459 1000 dnobus
1487 968 1605 999 Medd.
1630 968 1792 1007 Penelopae

1088 1022 1178 1051 decus
1208 1024 1276 1051 est.-
1311 1023 1403 1060 atque
1434 1020 1487 1049 uni
1526 1023 1615 1049 tanta
1637 1020 1793 1058 paratum

1089 1070 1178 1111 quod
1191 1080 1306 1100 verum
1321 1070 1451 1109 opinor,
1464 1069 1565 1099 etiam
1580 1067 1795 1107 approbante

1091 1120 1234 1151 Alberto
1273 1119 1452 1150 Rubenio:
1495 1117 1687 1149 octodecim
1725 1117 1794 1156 alii,

1092 1171 1241 1210 Penelope
1257 1172 1346 1200 decus
1372 1173 1465 1209 atque
1491 1169 1544 1198 um·
1561 1168 1629 1196 mii:
1654 1175 1697 1196 ex
1715 1175 1795 1206 quo·

1091 1230 1160 1250 runi
1174 1220 1340 1259 vestigiis,
1366 1217 1498 1248 Bartliii
1516 1225 1606 1246 curm
1633 1214 1793 1245 secundae

1091 1270 1285 1307 corrigunt:
1326 1268 1495 1306 Penelopea
1524 1267 1627 1302 decus,
1658 1264 1713 1294 uni
1746 1264 1796 1294 cui

1089 1322 1177 1349 tanta
1191 1321 1344 1358 paratur:
1367 1316 1420 1347 0111
1448 1320 1484 1346 et
1506 1315 1587 1345 alias
1617 1315 1795 1357 conjectu-

1091 1378 1144 1398 ras
1165 1368 1327 1398 subtexit.
1361 1367 1458 1396 Idem.

1134 1419 1305 1458 Penelopes
1331 1419 1422 1448 (locus
1448 1425 1628 1457 (mucetum,
1649 1416 1716 1457 ᾅτ]
1737 1414 1797 1446 Vi-

1090 1468 1190 1499 detur
1239 1468 1431 1498 Maroniani
1479 1466 1605 1498 Culicis
1660 1475 1795 1497 versum

1092 1517 1295 1548 Claudianus
1314 1517 1479 1557 allusisse,
1493 1517 1548 1547 ubi
1564 1526 1683 1557 semper
1707 1517 1797 1547 decus

1092 1569 1185 1598 velut
1212 1577 1276 1597 una
1303 1566 1456 1597 omnibns
1487 1576 1622 1606 semper
1651 1565 1795 1596 t'oeminis

1091 1618 1233 1657 praelata
1259 1617 1439 1656 Penelope
1456 1616 1594 1654 dicitnr,
1620 1616 1796 1655 111-10011100

1092 1678 1168 1698 cum
1183 1668 1423 1708 adjiciatillain
1440 1670 1573 1697 tantam
1592 1675 1726 1696 scenam
1738 1675 1800 1706 pu-

1092 1717 1215 1748 (11011111ὶ
1227 1718 1304 1748 huic
1321 1717 1445 1757 parari.
1463 1716 1576 1746 Verba
1590 1721 1669 1746 sunt
1681 1716 1793 1746 Maro-

1093 1768 1162 1798 nis:
1180 1768 1189 1785 ί
1204 1767 1354 1798 Alcestis
1368 1767 1409 1797 ab
1418 1765 1794 1797 omniIm-iolatavacat

1093 1829 1184 1859 cura,
1226 1819 1316 1859 quod
1349 1828 1439 1849 sa>va
1473 1817 1585 1848 mariti
1619 1817 1699 1857 Ipsa
1725 1817 1793 1848 suis

1093 1869 1173 1900 fatis
1193 1869 1331 1900 Admeti
1344 1869 1415 1900 fata
1428 1874 1561 1900 morata
1578 1868 1651 1899 est.’
1679 1868 1796 1899 Barth.

1136 1922 1177 1950 26
1195 1919 1292 1950 Scene
1303 1918 1480 1959 padiciliae]
1505 1918 1612 1950 Actus
1627 1918 1721 1949 velut
1737 1917 1799 1948 mi·

1094 1970 1211 2009 micus,
1227 1970 1404 2000 I'oeticum
1427 1969 1675 2009 Spectaculum.
1701 1969 1798 2001 Idem.

1137 2023 1177 2051 27
1204 2021 1247 2050 Et
1262 2020 1390 2050 totidem
1405 2020 1480 2050 soevi
1497 2019 1596 2060 bellis]
1620 2019 1674 2050 Ita
1691 2019 1799 2059 scrip-

1095 2070 1131 2102 ti.
1146 2071 1289 2111 Rapliel.
1305 2071 1392 2102 bello.
1423 2071 1465 2101 Ut
1480 2071 1609 2101 totidem
1620 2070 1802 2101 Barthins:

1096 2121 1219 2152 deinde
1234 2122 1275 2152 sit
1292 2131 1352 2161 pro
1368 2121 1412 2151 sic
1428 2121 1530 2152 iidem
1544 2131 1551 2158 ;
1576 2121 1683 2151 bene:
1716 2129 1799 2161 qno-

1095 2172 1192 2202 modo
1221 2172 1385 2203 Beliotius
1409 2172 1618 2211 conjecerat.
1658 2171 1799 2201 Demere

1085 2222 1185 2263 fidem
1201 2232 1266 2253 non
1283 2224 1410 2253 docuere
1427 2223 1576 2252 Palatin.
1603 2223 1647 2252 D.
1664 2222 1777 2252 Heius.

1139 2276 1177 2303 31
1206 2273 1338 2312 Trahat]
1361 2273 1466 2303 Vanis
1494 2273 1617 2312 spebus
1636 2273 1802 2304 ductitet.

1097 2323 1213 2353 Barth.

1139 2375 1179 2402 32
1204 2372 1350 2402 Sollertia
1375 2371 1463 2410 telae]
1483 2371 1539 2401 Sic
1555 2371 1653 2411 prim.
1680 2373 1797 2404 Vatic-

1096 2421 1287 2462 quindecim
1306 2421 1359 2450 alii
1382 2421 1534 2451 Lailrtia:
1562 2421 1709 2462 quinque
1733 2432 1799 2453 cer-

1096 2470 1216 2500 tissima
1232 2480 1307 2499 011111
1324 2469 1424 2500 Aldo.
1455 2471 1599 2500 Lat-ertia
1617 2471 1736 2502 Oisell.
1762 2476 1799 2502 et

1097 2521 1313 2551 emendatum
1340 2521 1499 2552 lassantia.
1524 2521 1656 2552 Buslid.
1689 2524 1800 2553 laxan-

1095 2572 1142 2600 tia
1160 2581 1219 2611 pro
1233 2571 1391 2601 lassantia.
1417 2571 1560 2601 Stamina
1575 2571 1676 2601 etiam
1692 2572 1798 2612 probe

1097 2621 1367 2661 Rapliclengius;
1420 2621 1539 2661 scripti
1585 2620 1797 2652 confirmant.

1098 2673 1166 2703 Pro
1192 2673 1294 2702 titulis
1321 2675 1438 2704 certare
1464 2672 1591 2702 Serenoe
1615 2671 1713 2712 prim.
1730 2671 1797 2701 Va-

1096 2723 1154 2754 tic.
1180 2732 1310 2755 scri-are.
1367 2723 1470 2754 Forte
1499 2732 1562 2763 pro
1595 2731 1627 2753 sc
1664 2729 1797 2762 oequare.

1096 2774 1142 2806 1).
1161 2772 1282 2805 Heius.
