1763 3116
367 118 428 147 DE
462 117 524 146 w.
557 115 694 145 CONS·

728 114 909 144 HONOR-
944 113 1163 144 PRAEFA'P.

1376 104 1490 147 1575

653 380 872 422 XXVII.

185 574 258 622 IN
302 574 392 620 w.
435 572 640 619 CONS.
676 571 990 618 HONORH
1032 570 1344 619 PRAEFAT.

81 760 360 792 Pam-ximus„
387 762 471 792 hune
497 762 558 792 lioc
587 763 735 792 inseren-

37 809 113 840 daui
140 812 214 841 loco
237 812 291 841 alii
310 812 380 851 jznn
405 817 614 842 monuerunt.
661 812 735 842 Nec

37 860 237 890 dissentiunt
257 863 409 891 meliores
435 862 649 893 membrana».
698 862 734 891 ln

37 914 235 948 pervetusto
262 911 424 941 Vossiano
448 911 589 942 Ausonii
615 911 733 942 codice

37 959 182 999 quinque
215 960 325 999 priora
358 961 504 990 disticha
540 962 635 1000 liujus
663 961 734 1000 epi-

35 1010 227 1049 grammatis
244 1009 453 1044 legebantur.
479 1011 520 1040 D.
537 1010 648 1040 Heius.

78 1059 176 1090 Hanc
206 1059 451 1090 Praeffifiouem
483 1060 616 1101 quidam
649 1070 733 1100 prae-

36 1114 169 1149 pestere
190 1110 364 1149 ingeniosi,
387 1110 450 1140 alio
476 1110 732 1147 transtulerant,

36 1159 100 1189 rati
125 1160 256 1199 opinor,
280 1160 400 1190 librum
418 1169 471 1190 111.
489 1160 648 1200 Proserp.
671 1161 732 1191 hoc

36 1209 78 1239 de
106 1219 141 1239 se
168 1210 304 1248 mereri,
331 1220 431 1250 quum
460 1210 563 1241 etiam
590 1211 644 1241 liic
673 1210 732 1241 fiat

36 1259 146 1299 aliqua
161 1259 426 1297 AEtna³1nenti03
453 1259 511 1289 sed
526 1270 575 1289 nae
589 1260 636 1289 illi
648 1258 733 1290 frus-

37 1315 88 1339 tra
115 1315 212 1347 sunt3
238 1319 310 1339 nam
337 1310 378 1339 de
397 1310 547 1340 Honorio
572 1310 734 1350 loquitur,

37 1360 134 1399 cujus
149 1360 307 1400 auspiciis
320 1361 520 1400 Enceladus,
535 1360 566 1390 id
582 1366 645 1397 est,
658 1360 735 1390 Ala-

36 1410 273 1448 1·icl1us,paulo
287 1415 364 1440 aute
378 1411 567 1440 debellatus
579 1416 641 1440 est.
667 1410 734 1440 Hie

36 1468 115 1490 vero
147 1460 349 1489 Consulatus
382 1468 430 1488 Π.
474 1459 614 1488 Honorii
658 1469 733 1489 cuni

36 1508 234 1539 Aristoneto
272 1508 390 1538 incidit
426 1508 459 1538 in
499 1518 621 1539 annum
658 1511 733 1539 404.

38 1560 155 1590 Clarer.

80 1613 93 1639 1
121 1609 233 1649 Sensu]
257 1610 343 1641 Quae
370 1609 463 1639 videt
489 1609 642 1640 nimirum
673 1619 735 1650 per

33 1660 120 1691 hunc
136 1660 244 1692 homo.

84 1710 176 1750 Vota]
201 1711 284 1742 Quae
316 1710 458 1751 quisque
489 1711 521 1740 in
553 1710 623 1741 vita
652 1711 735 1751 agit,

36 1761 232 1802 agendaque
249 1761 310 1791 sibi
335 1761 408 1791 aliis
433 1761 578 1799 negotiis
601 1771 734 1802 praepo-

35 1814 96 1850 uit,
116 1817 181 1844 rota
199 1813 424 1852 appellantur.
450 1812 566 1842 Barth.

77 1865 96 1893 2
120 1863 250 1893 Pectore
273 1861 387 1902 sopito]
427 1862 573 1892 Homine
601 1865 674 1891 toto
701 1862 734 1891 in

34 1923 187 1953 soporem
205 1913 296 1944 dato.
337 1914 414 1944 Quo
433 1912 564 1943 nomine
582 1912 736 1953 inquieta

36 1963 164 1994 somnia
174 1963 336 2001 excludit,
348 1973 421 2003 quae
435 1963 632 2002 pectoribus
644 1963 735 2003 quic-

37 2017 105 2043 tem
122 2014 222 2043 etiam
242 2014 272 2042 iu
290 2023 403 2043 somno
422 2019 555 2052 negant.

80 2063 213 2102 Reddit]
249 2063 407 2103 Reponit,
436 2074 454 2092 a
480 2073 562 2094 voce
587 2074 661 2104 quae
685 2073 735 2094 re-

34 2122 191 2154 percussa
210 2113 302 2143 reddi
320 2112 528 2153 perhibetur.

77 2166 187 2196 Amica
203 2165 302 2206 quies]
326 2166 446 2206 AEquat
465 2166 553 2196 enim
576 2165 734 2196 felicibus

33 2216 110 2256 (nec
143 2226 277 2256 semper
316 2216 447 2256 tamen)
484 2217 733 2254 infortunatos;

36 2267 249 2307 omniumque
272 2272 425 2297 votorum
451 2272 589 2306 mactat,
613 2268 733 2309 quibus

37 2316 154 2347 favens
170 2318 271 2348 venit.
296 2317 412 2348 Barth.

79 2369 97 2396 3
126 2367 258 2397 Venator·
273 2368 391 2406 defessa
409 2367 492 2407 toro]
525 2368 641 2399 Primo
658 2369 734 2399 loco

37 2417 132 2457 ponit
160 2418 300 2456 primum
326 2419 652 2460 vetustissimumque
680 2420 734 2449 liu·

37 2467 124 2498 mani
141 2469 289 2507 corporis
306 2470 516 2500 exemitiuui.
542 2470 638 2500 Idem.

80 2520 98 2547 4
123 2516 188 2547 Sua
217 2518 327 2558 lustru]
363 2520 448 2550 Quae
477 2519 610 2549 habitat
642 2519 735 2560 quasi

39 2568 173 2599 assiduo
192 2577 261 2599 usu.
286 2569 382 2599 Idem.

81 2622 100 2650 5
125 2618 257 2657 Aurigoe
273 2619 404 2658 somnia]
428 2619 587 2650 Nominat
613 2620 670 2650 lios
693 2620 735 2650 ob

788 758 982 799 frequentia
997 759 1098 790 etiam
1116 764 1186 790 tum
1200 759 1406 799 Spectacula
1420 758 1496 789 Cir·

787 810 911 840 censia.
937 810 1033 840 Idem.

831 861 850 887 ὓ
878 859 1021 898 Vanaque
1038 860 1212 899 nocturnis]
1237 860 1306 890 Per
1327 859 1490 889 somnium

788 908 868 945 visa,
897 913 932 937 et
960 909 1007 938 sic
1038 918 1099 938 nec
1132 909 1203 938 visa
1234 909 1340 938 simul.
1389 909 1490 939 Meta

786 961 885 987 cauta
908 956 1058 987 laborem
1081 967 1245 987 summum
1272 957 1490 998 studiumque

786 1006 975 1045 aurigarum
1003 1007 1144 1044 indicat,
1171 1006 1292 1046 quibus
1317 1006 1378 1036 hoc
1404 1016 1489 1045 opus

786 1056 920 1086 unicum
965 1061 1000 1086 et
1029 1056 1256 1087 necessarium
1286 1055 1349 1085 nisi
1380 1054 1491 1096 frangi

784 1109 926 1139 vellent.
951 1109 1049 1139 Idem.

826 1162 844 1190 7
870 1159 970 1190 Furto
989 1161 1109 1198 gaudet
1126 1158 1245 1199 amans]
1270 1158 1492 1190 Clandestino

784 1210 900 1239 amicae
918 1219 990 1240 usu.

827 1260 990 1289 Permutat
1006 1260 1112 1289 nui-ita
1126 1260 1253 1299 merces]
1276 1261 1382 1291 Usum
1399 1259 1492 1290 navi-

785 1309 930 1347 gationis
963 1310 1206 1349 antiquissima}
1237 1310 1338 1339 docte
1371 1309 1493 1349 tangit.

786 1360 923 1390 Certum
944 1360 1032 1389 enim
1051 1369 1068 1389 a
1083 1359 1199 1398 primis
1212 1359 1391 1398 aureisque
1408 1364 1491 1389 tem-

786 1409 923 1449 poribus
939 1410 1202 1449 degenerantia,
1229 1409 1269 1439 ob
1288 1414 1492 1440 commutan-

785 1460 844 1489 das
861 1469 992 1489 merces
1011 1460 1150 1499 pelagus
1168 1460 1311 1499 primum
1330 1464 1493 1491 tentasse.

785 1509 901 1540 Barth.

828 1559 1009 1598 Permutat]
1036 1558 1101 1589 Hic.
1118 1558 1398 1597 conventiojuris
1411 1568 1492 1597 gen-

787 1611 868 1640 tium
901 1610 1025 1640 elucet.
1084 1608 1297 1639 Permutatio
1333 1608 1491 1648 equidem

785 1660 957 1691 honestior
973 1667 1037 1696 est,
1064 1664 1100 1690 et
1125 1663 1324 1688 contractus
1353 1657 1494 1688 innomi-

784 1716 905 1748 natus3
939 1720 1048 1750 neque
1076 1709 1163 1739 enim
1190 1708 1338 1739 discerni
1365 1712 1493 1748 potest,

785 1766 861 1793 uter
877 1766 1025 1802 emptor,
1041 1765 1115 1791 uter
1133 1760 1175 1791 sit
1194 1760 1364 1790 venditor.
1403 1759 1491 1790 Clav.

828 1817 847 1845 8
876 1814 966 1853 Vigit
993 1812 1119 1852 avarus]
1155 1812 1220 1843 Cui
1254 1811 1395 1842 avaritia
1426 1820 1492 1841 non

785 1865 943 1896 concedit
959 1865 1107 1904 quietem
1125 1872 1230 1893 suam.

829 1915 974 1955 Elapsas]
999 1914 1131 1947 Qum-it
1145 1913 1230 1943 enim
1247 1912 1336 1952 quod
1346 1912 1418 1951 jam
1435 1911 1493 1941 ha-

786 1967 855 2005 bet,
879 1971 914 1996 et
931 1966 1087 1996 amissum
1105 1968 1204 2004 putat
1219 1962 1308 2004 quod
1333 1961 1492 1992 nondum.

783 2017 892 2047 Vetus
909 2020 961 2046 est
978 2021 1046 2046 tam
1065 2014 1185 2045 deesse
1201 2022 1303 2043 avaro
1320 2012 1410 2053 quod
1436 2012 1493 2041 lia-

789 2066 847 2097 bet
864 2076 963 2106 quain
982 2064 1072 2105 quod
1095 2063 1234 2104 quawrit:
1269 2064 1278 2079 ‘
1297 2062 1394 2093 Inter
1410 2070 1492 2102 opes

786 2116 927 2157 inopes.’
952 2116 1069 2147 Barth.

828 2170 857 2198 9-
899 2165 1024 2205 AEgrz's]
1065 2166 1218 2197 Quorum
1246 2163 1382 2194 morbus
1411 2163 1493 2193 irre-

785 2218 910 2248 stincta
928 2217 1010 2247 sitiS.
1036 2217 1131 2247 Idem.

831 2271 869 2299 10
895 2267 1041 2306 Irriguus
1055 2268 1161 2307 sopor]
1185 2265 1336 2296 Flumine
1350 2263 1493 2306 quodam

785 2319 933 2360 liquido?
951 2319 1048 2349 Idem.

830 2372 863 2399 11
911 2369 965 2398 Me
995 2377 1111 2408 quoque
1143 2367 1308 2396 Musarum
1343 2362 1495 2402 studium]

787 2420 911 2451 Studiis
923 2419 1014 2460 prior
1023 2417 1149 2448 Mox-eti
1165 2427 1171 2446 :
1191 2415 1387 2446 Florent.S.
1405 2415 1495 2444 Mar-

785 2471 814 2501 ci
828 2470 954 2505 studim
977 2473 1015 2499 ut
1031 2468 1071 2498 ud
1094 2466 1131 2497 τὸ
1143 2477 1231 2507 sopor
1254 2467 1326 2496 liaec.
1346 2464 1494 2495 referan-

788 2527 856 2558 tur,
873 2526 909 2552 et
928 2530 987 2561 per
1007 2519 1256 2560 appositionem
1271 2518 1405 2547 studium
1423 2515 1494 2545 Mu-

792 2582 894 2603 sarum
928 2575 1012 2601 artes
1044 2574 1156 2599 vocet.
1201 2565 1365 2608 Sequenti
1397 2572 1494 2593 versu

795 2623 942 2663 optimus
956 2619 1112 2652 Ambros.
1127 2616 1404 2657 inrigilarejubct.
1427 2613 1493 2643 Pro
