1859 3148
320 123 433 166 1656

321 236 398 258 nem
423 232 519 259 tanto
547 228 608 259 snb
635 228 787 268 principe
812 236 926 258 curam
956 227 1021 258 Re-

321 277 452 317 spuat;'
471 278 517 308 sic
533 288 623 318 saepe
641 282 775 307 noster:
794 276 1021 318 diximusjam

323 327 473 357 nonnihil
491 327 576 357 libro
595 327 711 366 primo.
740 326 784 355 D.
803 325 914 357 Heius.

365 379 425 406 214
440 377 550 414 Ignari
565 375 826 415 domitor-mundi]
847 375 940 416 Vulgi
952 377 1021 408 edi-

320 425 429 456 tiones
457 425 621 455 nonnulloe
639 429 673 454 et
697 424 852 464 plerique
876 426 1019 467 scripti:

322 475 372 505 sic
389 485 500 514 supra,
525 475 533 489 ‘
552 474 647 504 vacui
673 472 879 506 famulantur
895 475 1022 508 Averni

320 525 450 565 Vulgus
465 525 552 554 iners
568 524 584 553 :³
608 529 644 554 et
670 525 760 564 apud
781 526 924 558 Statium
951 528 1021 558 ‘in-

322 584 384 605 ane
403 574 543 613 vulgns‚'
567 575 575 590 ‘
594 574 710 613 vulgus
737 584 819 606 cava
844 577 905 608 sub
922 582 1020 609 nocte

322 623 516 663 repostum‚’
538 624 546 639 ‘
566 623 682 663 vulgus
709 629 900 666 exsangue,¹
923 631 959 657 et
980 627 1020 657 si-

321 673 425 710 milia,
441 682 502 712 pro
520 672 648 704 inferis.
672 673 770 706 Idem.

362 725 426 753 216
468 723 652 754 Eumenides
680 726 813 765 movere]
843 725 1021 756 Simillime

320 773 509 806 JuvenaliS.
545 774 615 805 Sat.
639 783 685 805 w.
722 775 816 806 ‘Dic
844 785 910 816 qua
936 776 1022 807 Tisi-

320 824 443 864 phone,
465 823 585 865 quibus
622 824 799 865 exagitare
836 825 983 857 colubris
998 825 1021 856 ?'

320 873 434 905 Barth.

363 926 424 954 217
452 924 569 954 Coelum
598 923 764 964 incestare]
798 925 854 955 Sic
879 925 1020 964 Statius,

320 973 379 1004 lib.
397 982 448 1004 xx.
471 975 480 991 ‘
499 974 578 1004 Illas
601 978 638 1004 ut
664 984 790 1005 summo
816 974 901 1005 vidit
917 975 1022 1006 Pater

321 1023 409 1054 altus
427 1023 577 1064 Olympo
594 1024 768 1055 Incestare
786 1024 900 1056 diem!
924 1026 1021 1056 Idem.

367 1074 483 1104 Coelum
497 1075 647 1105 incestare
658 1075 833 1115 quadrigis]
859 1075 924 1106 Alii
938 1086 1023 1106 mun-

320 1122 413 1157 dunb-
435 1123 524 1162 quod
551 1124 659 1153 minus
686 1124 812 1164 placet,
841 1126 919 1165 qnia
944 1136 1020 1156 mox

320 1173 485 1212 seqnitur.
525 1173 730 1213 Gyraldinus
744 1175 846 1205 etiam
863 1185 937 1205 cnm
955 1176 1020 1205 Va-

321 1222 433 1253 ticano
462 1223 601 1263 aliisque
628 1223 798 1260 infesturoe
833 1234 1021 1263 perperam.

320 1274 462 1313 Statius,
485 1276 590 1305 Theb.
608 1283 658 1304 Χι.
694 1276 701 1290 ‘
722 1274 801 1304 Illas
831 1279 869 1304 ut
895 1283 1022 1304 summo

319 1323 405 1353 vidit
431 1328 527 1362 pater
553 1324 640 1353 altus
669 1323 818 1363 Olympo
847 1324 1022 1353 luces-tare

320 1372 434 1403 die1n.'
480 1373 608 1403 Noster
625 1381 665 1402 11.
682 1372 714 1401 in
730 1373 871 1412 Entrop.
895 1373 904 1388 ‘
920 1382 1022 1404 cunc-

320 1428 371 1453 tas
388 1423 449 1453 hoc
477 1432 534 1453 ore
555 1422 711 1453 laborant
736 1423 913 1454 Incestare
929 1419 1022 1454 vias.'

320 1472 418 1502 Bello
441 1472 522 1502 Get.
562 1473 711 1512 ‘patriis
739 1474 856 1503 lunare
886 1474 1022 1504 venenis

319 1520 632 1561 Incesrarejubar!
658 1522 758 1552 Cons.
774 1521 913 1552 Manlii:
940 1523 1023 1552 ‘La-

319 1570 383 1601 tios
407 1570 578 1601 incestant
604 1570 738 1600 nomina
762 1569 899 1602 festos?
923 1571 970 1602 sie
988 1576 1022 1602 et

319 1619 377 1650 alii
394 1619 525 1649 Poetae.
552 1620 598 1650 D.
616 1620 729 1650 Heius.

362 1671 426 1700 218
450 1669 528 1699 Sunt
544 1670 641 1699 altera
657 1670 769 1699 Lethes
785 1669 938 1710 Numina]
962 1671 1021 1701 Ni-

318 1718 364 1749 hil
393 1719 503 1749 verius
533 1719 596 1749 hac
627 1719 832 1759 scriptorum
865 1721 1022 1759 lectione,

321 1770 484 1811 quicquid
503 1770 554 1799 vir
570 1769 691 1800 doctus
709 1770 877 1802 dissentit.
903 1771 1022 1802 Lethen

320 1829 383 1860 pro
401 1824 472 1850 toto
501 1819 631 1849 inferno
657 1820 781 1859 posuit,
807 1825 845 1850 ut
871 1821 1023 1861 Stygem,

320 1870 563 1907 Acherontem,
575 1872 742 1910 Cocyton,
752 1871 894 1901 Taenara
904 1871 1021 1903 Poetae

320 1919 457 1959 passim.
496 1919 656 1949 Letlta‘um
683 1920 857 1950 Junitorem
880 1920 928 1950 ita
945 1921 1024 1951 Cer-

320 1968 438 2000 berum
453 1974 551 1999 vocat
567 1970 707 1999 Statius.
732 1970 844 2010 Vulgo
861 1971 1022 2003 Flumina:

321 2018 409 2058 quod
427 2023 462 2049 et
479 2019 620 2049 Bai-thio
637 2019 874 2059 improbatum.
899 2021 995 2051 Idem.

364 2069 473 2099 Altera
485 2069 597 2100 Lethes
608 2070 746 2109 numina]
759 2069 835 2100 Alia
846 2081 919 2112 qnae
933 2073 1021 2112 apud

321 2126 392 2156 vos,
410 2118 442 2147 in
460 2124 574 2149 vestro
591 2120 647 2148 illo
665 2121 800 2160 egregio
818 2121 953 2162 mundo,
967 2123 1022 2152 ha-

322 2167 447 2197 bentur
464 2178 524 2207 pro
540 2169 741 2201 numinibus,
787 2171 910 2201 Lethes
924 2182 1021 2203 voca-

321 2216 436 2247 bulum
454 2219 611 2257 generale
639 2224 702 2257 est,
730 2224 765 2250 et
792 2222 928 2252 numina
950 2223 1021 2262 ejus

322 2267 433 2298 omnia
450 2266 634 2297 inferorum
651 2268 825 2301 denotant.
850 2272 964 2304 Barth.

364 2319 422 2347 221
452 2318 551 2348 Nocte
576 2318 644 2357 tna]
677 2319 751 2348 ‘l'ua
778 2325 875 2359 parte
901 2322 1021 2353 sortito

322 2367 383 2397 tibi
416 2368 539 2398 oblata.
587 2369 660 2398 Nox
691 2379 785 2400 omne
817 2372 904 2411 quod
933 2373 1023 2403 inter

322 2418 416 2448 vivos
434 2428 497 2449 nou
516 2422 577 2448 cst.
605 2419 701 2449 Idem.

365 2471 429 2498 226
446 2468 678 2507 I’ra‘tentasque
688 2470 785 2508 aperit
799 2470 923 2510 cristas]
944 2471 1024 2503 Qui-

323 2518 385 2549 bus
402 2518 492 2549 illam
519 2519 717 2549 horrendam
743 2519 879 2559 figuram
905 2521 1023 2552 dedita

323 2576 426 2607 opera
442 2573 651 2599 contexerat.
679 2570 775 2599 Idem.

367 2618 584 2658 Proetentoque
594 2618 688 2658 operit
703 2620 811 2659 crista]
834 2621 899 2651 Hic
915 2621 1023 2652 denuo

324 2670 492 2698 vetustam
525 2667 705 2699 lectionem
735 2668 848 2699 damus
878 2671 1022 2701 omnium

519 133 661 164 NOTAE
694 132 958 163 VARIORUM
992 132 1043 162 IN
1078 133 1152 164 011.

1186 134 1367 164 CLAUD.
1399 133 1564 164 XXXV.

1071 228 1245 269 librorum,
1259 232 1295 259 nt
1311 228 1500 260 Claverium
1523 228 1625 259 mirer
1639 228 1672 258 in
1690 238 1767 259 con-

1073 278 1176 309 traria
1195 283 1341 309 cuntem.
1388 278 1477 311 Quid
1504 279 1592 309 enim
1616 283 1667 310 est
1688 289 1768 319 prae-

1072 331 1174 359 tentas
1188 329 1308 368 aperire
1324 326 1460 360 cristas?
1488 328 1598 359 Velare
1610 329 1697 359 libro
1711 337 1769 360 111.

1073 379 1104 408 in
1123 379 1251 410 Stilich.
1268 379 1365 417 dixit,
1383 384 1419 409 ut
1435 379 1487 409 hic
1504 379 1633 418 operire,
1648 380 1657 395 ‘
1669 379 1768 410 Hanc

1073 431 1146 459 tota
1161 429 1313 459 Tritonia
1326 429 1483 469 Gorgone
1495 427 1608 459 velat!
1637 429 1671 459 Si
1689 428 1769 468 qnid

1071 477 1279 518 mutandum,
1305 479 1413 518 legam
1436 488 1512 509 cum
1538 488 1603 508 uno
1621 479 1770 510 Florent.

1072 531 1105 557 et
1121 527 1265 558 Putean.
1282 533 1433 568 excerpt.
1469 529 1688 569 Proetentaque
1703 538 1772 568 ope-

1070 575 1114 605 rit
1151 577 1257 616 pullam
1303 577 1469 616 quomodo
1506 587 1627 618 supra:
1675 579 1684 594 ‘
1701 583 1772 609 tan-

1072 629 1144 654 tum
1171 625 1354 656 stridentia
1388 627 1476 656 colla
1505 627 1684 666 Gorgonos
1715 628 1772 658 ob-

1072 677 1169 703 tentu
1184 674 1281 713 pallae
1291 672 1451 713 fulgentis
1463 675 1663 713 inumbrat3'
1680 675 1771 716 quod

1073 731 1115 752 ex
1132 722 1188 752 illo
1206 722 1407 753 Maroniano
1423 723 1557 754 hausit:
1583 726 1591 740 ‘
1609 725 1772 756 Exstruc—

1073 775 1194 811 tosqne
1220 775 1311 802 toros
1337 771 1480 802 obtentu
1507 771 1637 803 frondis
1665 774 1773 805 inum-

1074 820 1199 851 brant.’
1245 821 1415 852 Obtentum
1441 825 1522 861 togoe
1548 822 1653 853 habes
1681 823 1771 863 apud

1074 872 1237 911 Gellium,
1264 881 1316 903 X1.
1349 876 1400 903 18.
1452 873 1592 913 Seneca,
1621 874 1773 905 Hercule

1074 922 1232 952 Furenti:
1259 922 1268 939 ‘
1290 923 1444 963 Namque
1468 923 1541 963 ipsa
1565 924 1655 955 tristi
1671 925 1774 956 vestis

1072 972 1214 1003 obtentu
1231 978 1334 1012 caput
1352 973 1521 1003 Vclatur.'
1546 974 1589 1004 Ι).
1605 975 1715 1005 Heius.

1114 1024 1174 1051 227
1218 1022 1335 1059 Nigros
1369 1021 1540 1062 illuminat]
1582 1023 1772 1063 Splendore

1071 1071 1186 1101 hastae.
1210 1071 1325 1102 Barth.

1117 1124 1178 1151 228
1203 1120 1249 1150 M
1260 1121 1387 1160 Jupiter
1397 1121 1510 1151 a'there
1521 1121 1652 1161 summo]
1675 1122 1773 1153 Unus

1064 1170 1171 1208 jusso:
1196 1171 1280 1201 alius
1298 1172 1417 1210 tapsus:
1442 1171 1562 1202 tertius
1577 1174 1666 1203 celso.
1701 1172 1775 1204 Mo-

1074 1220 1140 1250 rcti
1157 1219 1265 1250 codex
1282 1221 1387 1254 ruls05
1420 1220 1511 1260 quod
1530 1221 1655 1260 placet.
1699 1222 1775 1253 Sta-

1072 1269 1152 1309 tius,
1168 1270 1269 1301 Theb.
1286 1279 1341 1300 111.
1366 1270 1374 1286 ‘
1397 1270 1590 1311 Nubilaque
1617 1275 1652 1302 et
1678 1272 1773 1304 vulso

1074 1323 1243 1350 terrarum
1267 1319 1403 1350 sordida
1428 1319 1533 1351 fundo
1553 1321 1774 1361 Tempestas.’

1074 1369 1203 1399 Noster
1216 1379 1318 1409 supra
1335 1369 1392 1401 lib.
1405 1380 1429 1401 1.
1454 1371 1462 1386 ‘
1479 1380 1567 1401 nunc
1581 1371 1687 1402 insula
1698 1370 1775 1402 fun-

1074 1417 1290 1450 (loVellitm·.'
1314 1421 1445 1451 Seneca
1455 1420 1655 1452 Phoenissis:
1670 1423 1678 1439 ⁴
1695 1422 1774 1453 Non

1073 1469 1100 1498 si
1116 1468 1247 1498 revulso
1259 1469 1398 1508 Jupiter
1411 1470 1535 1500 mundo
1551 1471 1670 1501 tonet.'
1691 1472 1775 1502 Mox

1074 1518 1160 1549 bene
1191 1519 1446 1558 Raphelcngins
1469 1519 1615 1556 fulminis
1640 1530 1702 1560 pro
1730 1522 1775 1551 lu-

1072 1568 1175 1606 minis,
1186 1573 1220 1599 et
1230 1568 1383 1606 consessus
1392 1578 1527 1599 socerum
1536 1579 1596 1608 pro
1606 1579 1753 1607 generum
1763 1580 1775 1606 ;

1073 1617 1161 1657 qnod
1178 1617 1294 1657 scripti
1314 1618 1468 1648 meliores
1486 1618 1696 1650 confirmant.
1729 1620 1773 1652 D.

1072 1666 1185 1697 Heius.

1114 1720 1178 1747 229
1201 1717 1355 1758 Pacificas
1370 1717 1457 1748 rubri
1473 1718 1610 1749 torsisset
1629 1718 1776 1756 fulminis

1071 1768 1151 1806 alas]
1178 1768 1255 1799 Non
1268 1768 1385 1798 dubito
1412 1778 1454 1798 ex
1470 1768 1650 1808 disciplina
1666 1768 1774 1800 fulmi-

1072 1826 1151 1846 num
1169 1816 1473 1857 dignoscendorum
1499 1818 1571 1848 liaec
1595 1818 1698 1855 dicta,
1725 1819 1774 1850 uti

1073 1867 1227 1898 nimirum
1259 1868 1398 1899 rubrum
1430 1869 1512 1899 illud
1541 1874 1774 1901 consecratum

1072 1916 1176 1947 fucrit
1193 1918 1288 1957 Paci,
1310 1924 1343 1949 et
1363 1919 1436 1950 hanc
1452 1929 1513 1959 per
1530 1920 1610 1950 illud
1627 1921 1774 1960 cognita.

1072 1967 1128 1998 Sic
1145 1967 1241 1999 Jovis
1258 1972 1369 1999 autem
1386 1969 1532 2009 jaculari
1550 1970 1651 2001 rubra
1666 1971 1775 2002 fulmi-

1074 2027 1127 2049 na.
1172 2018 1226 2048 Sic
1257 2019 1299 2049 ad
1341 2029 1557 2059 congressum
1596 2021 1708 2052 Didus
1740 2025 1775 2053 et

1074 2068 1187 2098 AEneae
1214 2068 1261 2098 ait
1277 2068 1441 2109 Virgilius
1463 2069 1522 2102 lib.
1546 2079 1596 2102 ιν.
1620 2072 1629 2087 ‘
1648 2069 1774 2102 fulsere

1073 2117 1166 2157 ignes
1197 2122 1233 2148 et
1263 2119 1417 2149 conscius
1449 2120 1556 2149 aether
1585 2119 1774 2151 Connubii.'

1072 2167 1216 2198 Foedera
1228 2166 1367 2199 fulmine
1384 2168 1505 2198 sanciri
1522 2173 1594 2198 erat
1610 2170 1778 2208 prosperi-

1073 2217 1152 2247 tatis
1190 2217 1364 2248 indicium.
1417 2218 1565 2247 Deorum
1604 2218 1774 2257 conjugiis

1073 2271 1189 2297 auctor
1206 2271 1278 2297 erat
1294 2267 1446 2306 Jupiter,
1473 2276 1532 2297 suo
1548 2267 1691 2308 quodam
1709 2268 1776 2308 pri-

1072 2317 1207 2356 vilegio.
1235 2316 1350 2347 Barth.

1115 2371 1177 2399 230
1202 2368 1327 2398 Nimbis
1344 2367 1531 2407 Hymenccus
1547 2368 1672 2408 hiulcis]
1707 2369 1774 2400 Mi-

1072 2427 1145 2447 rum
1163 2422 1215 2448 est
1232 2417 1457 2456 Hymemrum
1475 2417 1641 2457 intonare,
1668 2422 1703 2448 et
1715 2417 1773 2449 Jo—

1073 2468 1120 2498 vis
1133 2468 1187 2497 τοῦ
1201 2469 1391 2507 βροντῶντος
1404 2466 1513 2498 officio
1527 2467 1620 2507 fungi
1635 2479 1642 2500 :
1668 2478 1774 2509 quare

1073 2517 1264 2557 Hymenoeon
1281 2517 1458 2557 legendnm
1486 2523 1581 2558 puto,
1603 2524 1640 2549 nt
1661 2519 1702 2549 ad
1718 2519 1775 2551 Jo-

1072 2577 1145 2597 vem
1173 2567 1355 2598 referatur.
1402 2568 1594 2608 Hymeuoeon
1621 2569 1774 2609 intonare,

1072 2625 1107 2650 ut
1125 2624 1229 2650 tonare
1245 2621 1346 2650 omina
1363 2625 1397 2651 et
1424 2621 1545 2651 similia
1561 2631 1569 2659 ;
1593 2621 1634 2652 de
1653 2622 1773 2662 quibus

1072 2671 1170 2700 (Cous.
1185 2670 1471 2710 Olybriidictum.
1499 2670 1775 2712 Apuleius,Met.
