1763 3116
582 151 941 184 EPlGnAMMA'rA
951 171 961 182 .

1382 143 1495 185 1731

630 382 920 424 LXXVIII.

399 527 469 570 28.
520 525 714 567 Rimanti
754 524 894 567 Telum
927 525 1143 582 Irafitcit.

101 651 241 691 Rimanti
256 651 350 682 telum
366 650 413 680 ira
422 649 522 689 fucit]
557 649 614 680 Sic
632 649 751 689 scripti

55 702 220 744 plerique.
250 701 347 732 bene.
380 701 510 731 Thema
539 706 591 731 est
617 710 659 730 ex
689 709 751 731 vn.

57 752 191 793 Virgilii
215 751 452 792 desumptum:
485 752 493 767 ‘
511 751 602 792 quod
631 751 753 790 cuique

58 808 229 844 repertum
257 802 421 841 Rimanti,
445 802 548 832 telum
575 801 624 831 ira
648 799 754 831 facit!

57 855 101 886 D.
119 854 230 884 Heius.

102 907 116 934 1
145 903 249 941 Gerit,
272 903 425 933 dementia
442 902 556 941 mutat]
582 902 666 933 Haec
684 911 754 932 cor-

58 958 182 994 rupta:
200 953 254 984 alii
268 952 502 988 codicesserit.
532 952 755 983 Scribendum

61 1004 200 1043 opinor:
227 1003 265 1032 In
281 1003 421 1040 jaculum
433 1003 628 1042 quodcunque
641 1003 686 1033 rei
703 1004 754 1033 de-

58 1054 173 1086 mentia
197 1056 324 1089 mutat;
348 1062 423 1093 pro,
447 1063 651 1093 quamcunque
671 1063 755 1084 rem:

60 1105 181 1137 deinde
195 1105 366 1145 distingue
392 1108 427 1135 et
452 1104 580 1135 scribe:
608 1103 759 1134 Omnibus

59 1159 199 1187 arcuatur
210 1154 311 1186 rabies
322 1165 332 1191 ,-
351 1164 409 1194 pro
424 1155 548 1195 cuspide
555 1154 640 1192 serrz'
659 1156 759 1185 Cunc-

60 1210 94 1238 ta
109 1207 212 1238 volant
225 1216 238 1244 ;
259 1206 332 1236 dum
349 1205 461 1236 dextra
476 1204 572 1243 ferox
584 1205 617 1236 in
634 1206 758 1236 vulnera

805 648 906 687 saerit,
932 648 994 678 Pro
1008 649 1068 679 telo
1083 647 1253 687 ingeritur,
1274 647 1419 688 quicquid
1433 656 1506 686 sug-

805 698 939 737 gesserit
962 698 1021 729 ira.
1066 698 1176 727 Versu
1206 697 1323 728 ultimo
1349 697 1504 736 ingeritur

808 759 870 789 pro
884 749 1008 789 geritur
1024 748 1172 790 reposui,
1189 748 1276 790 qnod
1295 747 1504 778 meminerim

809 798 1010 840 frequenter
1048 798 1137 839 apud
1169 798 1288 838 po'e‘tas
1319 807 1508 836 occurrere,

810 851 903 880 telum
915 849 1048 888 ingerit.-
1068 854 1104 879 ut
1120 850 1150 879 in
1165 850 1233 887 illo,
1249 851 1257 866 ‘
1268 848 1401 880 crebras
1412 849 1510 879 mori-

810 900 944 931 entibus
963 900 1087 939 ingerit
1104 899 1237 930 hastas)
1260 900 1358 930 Idem.

853 953 872 980 4
895 950 958 979 Pro
973 950 1032 979 telo
1045 949 1186 989 geritur]
1224 950 1316 989 Lego
1343 950 1511 987 ingeritur,

811 1005 849 1030 ut
865 1000 955 1040 apud
969 1000 1086 1029 Silium
1102 1011 1109 1030 :
1133 1001 1141 1016 ‘
1155 999 1290 1030 crebras
1302 999 1510 1040 fugientibus

811 1050 936 1090 ingerit
969 1050 1081 1080 hastas
1097 1049 1116 1079 :’
1148 1053 1184 1080 et
1208 1049 1330 1090 Vir-gu.
1369 1051 1378 1066 ‘
1398 1054 1513 1089 raptas

811 1099 1022 1141 fugientibus
1054 1100 1179 1141 ingerit
1207 1100 1322 1131 hastas
1336 1098 1358 1133 ι’
1398 1099 1445 1131 sic
1477 1103 1512 1130 et

812 1152 881 1184 alii.
908 1151 1003 1183 Idem.

660 1415 904 1458 LXXIX.

561 1561 630 1603 29.
684 1559 737 1600 In
770 1557 812 1598 P
816 1558 1027 1614 oclagrum.

110 1689 149 1721 In
166 1685 357 1728 Podagrum]
387 1684 593 1724 Oiselianus,
616 1684 655 1714 In
673 1684 767 1724 pocla-

65 1750 158 1780 grum
183 1739 234 1779 qui
260 1737 397 1768 carmina
426 1735 581 1775 culpabat,
602 1744 661 1764 non
686 1738 769 1764 stare

67 1789 198 1821 dicebat.
221 1788 312 1819 Dele
328 1786 364 1817 τὸ
381 1785 529 1826 culpabat.
569 1785 614 1815 D.
628 1783 749 1814 Heius.

110 1840 256 1871 Videtur
273 1838 305 1869 in
323 1837 485 1868 Iacobum
511 1835 678 1866 vibratum
692 1835 771 1875 Epi-

71 1900 233 1931 gramma,
249 1900 324 1920 cum
351 1886 524 1919 lacerandi
550 1886 653 1917 verbo
681 1886 769 1926 pari-

73 1948 124 1972 ter
141 1946 266 1979 utatur,
284 1944 318 1970 et
335 1943 500 1980 perpetuo
526 1938 682 1968 llelluone
700 1935 771 1976 ‹lig-

73 2001 152 2022 num
167 1992 210 2022 sit
226 1990 401 2030 praemium
418 1989 586 2028 Podagra.
612 1986 726 2018 Barth.

120 2043 134 2070 l
160 2039 310 2079 Pedibus]
343 2038 521 2069 Pedestris
537 2042 648 2068 tamen
661 2045 770 2067 sermo

76 2090 221 2122 Poetico
238 2089 424 2130 oppositus.
451 2087 549 2119 [dem.

864 1685 883 1714 2
908 1682 1063 1714 Scandere
1091 1680 1142 1721 qui
1166 1678 1281 1720 nescis]
1340 1679 1424 1715 Quos
1451 1688 1522 1710 sec.

827 1733 1008 1764 Vaticanus
1032 1743 1040 1771 3
1078 1732 1263 1763 versiculos
1290 1740 1412 1771 nempe
1434 1731 1524 1760 luce·

825 1795 897 1823 ras3
920 1790 956 1816 et
980 1784 1257 1825 interrogationis
1283 1787 1399 1814 notam
1415 1782 1523 1813 addit.

825 1836 962 1868 Deinde
978 1836 1080 1876 inquis
1096 1840 1131 1867 et
1154 1838 1257 1875 putas,
1288 1844 1355 1865 non
1372 1833 1470 1873 inquit
1489 1837 1524 1863 et

822 1891 927 1929 putat,
951 1887 1039 1919 idem
1058 1886 1226 1918 secundus
1242 1886 1442 1917 Vaticanus.
1482 1884 1524 1914 D.

826 1940 940 1970 Heius.

868 1988 1016 2028 Laceras]
1053 1986 1221 2018 Conviciis
1249 1984 1452 2026 proscindis,
1469 1993 1526 2015 ex-

827 2045 933 2072 treme
947 2039 1129 2079 vituperas.
1155 2037 1270 2068 Barth.

870 2093 890 2122 4
916 2089 1074 2129 l'odager]
1098 2087 1320 2128 Podagricus.
1343 2087 1441 2117 Idem.

694 2303 911 2348 LXXX.

436 2453 508 2494 30.
559 2451 625 2492 De
653 2450 856 2492 leeodoro
876 2455 915 2489 et
939 2445 1174 2488 Hadriano.

128 2576 361 2606 Sesmcmen
387 2573 450 2604 hoc
485 2573 567 2603 illud
594 2582 666 2603 esso
701 2572 781 2612 Epi-

88 2636 251 2667 gramma,
267 2624 356 2665 quod
373 2630 408 2653 ut
423 2624 632 2663 expiaretur,
651 2623 783 2662 Episto-

87 2678 119 2708 la
145 2676 186 2705 ad
213 2675 421 2705 Hadrianum
446 2673 680 2712 deprecatoria
701 2682 784 2712 opus

88 2725 206 2757 habuit
221 2723 437 2756 Claudianus.
482 2722 591 2754 Nimis
603 2732 681 2753 vero
696 2722 784 2753 Poe-

838 2572 904 2602 ticc
931 2571 1020 2600 viros
1045 2568 1195 2598 illustres
1221 2563 1382 2601 traducit,
1399 2558 1536 2592 nebulas

838 2621 926 2652 forte
969 2619 1220 2650 inimicitiarum
1263 2611 1538 2644 Stiliclioniaruiu

839 2676 988 2702 secutus.
1034 2671 1117 2700 Cum
1134 2677 1200 2709 quo
1228 2671 1263 2697 et
1290 2661 1477 2696 concidisse
1491 2658 1537 2689 vi-

840 2722 950 2752 detur.
974 2719 1089 2751 Barth.
