1763 3116
413 171 461 200 ΙΝ
503 167 791 200 EU'I'ROPIUM
829 167 923 198 [AB.
957 168 1009 198 11.

0 264 77 295 icius
106 269 142 295 et
169 270 236 295 tres
265 274 306 294 ex
334 263 455 294 nostris
482 261 573 292 libris
604 270 680 291 cum

0 314 93 345 »rimo
122 318 157 344 et
182 314 299 354 quinto
316 310 512 342 Vaticanis:
540 310 680 350 optime.

0 363 50 393 nii
66 364 161 394 Paret
176 363 357 404 finitimus:
392 361 462 391 sine
479 370 591 391 sensu.
635 362 681 392 D.

0 413 94 444 icius.

23 468 84 496 295
109 462 227 504 Lydia]
258 461 372 503 Lydus
399 462 487 493 euim
518 461 682 493 Bacchus.

0 514 96 545 3arth.

23 565 86 594 298
113 561 239 602 Campi]
274 560 456 601 Virgilius:
493 561 503 579 ‘
522 562 566 592 Et
593 570 683 592 cam-

4 621 39 643 os
57 612 113 643 ubi
125 612 224 652 'Pi-eja
239 610 328 642 fuit?
353 612 451 642 Idem.

22 665 85 694 300
109 662 334 703 Berecynthia]
348 662 468 693 Vibius
480 662 683 703 Sequester:

6 712 241 752 Berecyntlius
269 719 364 742 mons
389 711 566 752 Phrygiae,
593 711 684 742 unde

2 765 87 793 later
104 762 212 792 Deum
229 761 481 801 Berecynthia!

24 811 248 851 Berecynthia]
282 810 458 841 simillime
481 811 565 841 alibi
580 810 686 850 loqui-

0 871 38 892 ur
54 861 97 891 ‹le
115 861 268 900 Regibus
291 870 310 890 a
326 860 513 891 Stilichone
530 860 685 891 subditis.

0 911 28 942 :t
44 911 86 941 de
100 910 260 949 Gildone,
277 918 299 939 1.
314 909 446 940 Stilicb.
459 912 534 940 361.
557 910 565 926 ‘
585 910 686 940 Frac-

0 970 163 1000 urumque
180 969 255 990 reos
269 959 384 989 humili
402 958 596 999 subjudice
613 959 685 990 vul-

0 1013 53 1042 us.'
75 1010 192 1041 Barth.

22 1064 84 1092 308
107 1061 158 1091 Aa
174 1060 290 1100 sontes]
315 1060 353 1090 In
368 1063 471 1091 sontes
488 1063 582 1090 recte
599 1069 684 1090 nnus

0 1111 253 1152 unbros.parari
265 1121 326 1151 pro
338 1111 502 1151 paranda.
516 1111 561 1142 D.
572 1111 684 1143 Heius.

21 1163 85 1191 309
111 1161 176 1191 Nec
187 1161 274 1199 duce,
288 1161 356 1201 850]
378 1161 527 1201 Elegans
544 1161 681 1192 allusio:

0 1210 60 1241 libi
75 1210 118 1241 de
133 1210 328 1241 Theodosio
343 1221 350 1241 :
375 1211 383 1227 ‘
401 1211 478 1241 Non
490 1211 602 1241 hostes
614 1211 684 1241 vic-

0 1269 53 1290 ore
70 1259 208 1297 cadunt,
237 1259 295 1289 sed
314 1259 436 1299 judice
454 1264 567 1291 sontes
584 1260 686 1291 Dam-

5 1315 39 1340 at
57 1318 139 1339 voce
158 1307 256 1339 reos!
283 1309 405 1339 Clarer.

24 1361 86 1388 310
116 1357 213 1388 Vasta
242 1359 325 1389 velut
351 1358 477 1398 Libyae]
514 1359 686 1391 Struthio-

3 1409 145 1439 „imelum
160 1407 291 1446 dicunt,
315 1417 411 1438 avem
428 1418 492 1439 nec
510 1418 599 1439 nunc
616 1409 686 1450 qui-

0 1468 58 1489 em
86 1457 291 1487 rarissimam
319 1457 391 1488 visu
419 1457 509 1488 inter
538 1467 685 1499 peregre

4 1507 153 1538 dvectas.

28 1556 138 1596 Vasta]
175 1553 325 1596 Στρουθὸς
349 1554 369 1593 ἦ
396 1555 522 1595 μεγάλη
550 1556 685 1588 AEliano

0 1617 113 1648 emper
140 1606 214 1638 fere
242 1608 461 1639 nominatur:
487 1612 537 1648 ut,
564 1617 604 1641 11,
630 1611 684 1640 27.

0 1658 99 1690 3arth.

23 1711 84 1740 311
113 1709 213 1739 Cursu.
229 1708 417 1740 transmittit
434 1707 556 1748 arenas]
594 1707 684 1739 Vide

0 1757 160 1798 Elianum,
177 1768 224 1790 ιν.
241 1761 293 1790 37.
320 1759 416 1790 Idem.

23 1813 84 1841 313
110 1811 330 1842 Pulverulenta
345 1811 442 1852 volat]
477 1811 545 1842 Per
570 1811 684 1851 pulve·

1 1869 52 1890 em
71 1859 244 1900 videlicet,
269 1870 336 1891 non
353 1864 421 1891 tam
445 1861 559 1891 volans
583 1871 684 1902 quam

2 1920 141 1949 urrens3
167 1911 286 1942 nititur
301 1912 389 1943 enim
403 1911 559 1952 pedibus.
600 1912 684 1942 Bar-

0 1959 76 1990 hius.

23 2012 85 2041 314
111 2010 332 2052 Oblitasugae]
358 2012 482 2051 Fugam
504 2021 563 2043 sex
579 2011 685 2052 scrip-

0 2058 27 2089 i:
52 2058 100 2090 sic
130 2062 299 2092 1v.Cons.
316 2061 482 2093 Honorii:
507 2062 515 2078 ‘
533 2062 607 2093 Nec
636 2066 684 2092 ta-

0 2118 58 2139 men
76 2110 200 2141 oblitus
228 2111 336 2142 civem
361 2112 559 2143 cedentibus
587 2116 684 2143 atrox

0 2159 140 2190 ’artibus
169 2160 367 2192 infremuit?
413 2162 510 2193 Bello
538 2162 679 2194 Getico:

12 2210 148 2241 Patrios
176 2221 257 2251 gens
283 2212 357 2243 haec
384 2213 490 2244 oblita
519 2213 685 2245 Triones!

0 2260 24 2291 ).
42 2260 154 2291 Ileins.

23 2312 84 2341 315
112 2312 289 2343 Ridendum
314 2314 420 2354 caput]
455 2315 683 2347 Semicalvum

0 2359 113 2392 cilicet
129 2366 164 2393 et
181 2364 255 2394 sine
272 2365 474 2404 superciliis,
495 2366 554 2396 sed
571 2370 605 2397 et
621 2366 683 2397 hoc

0 2418 59 2450 pso
77 2415 154 2442 actu
170 2412 360 2444 ridiculum.
384 2415 501 2446 Barth.

25 2461 86 2490 316
114 2461 212 2496 Quem
227 2472 286 2493 non
302 2464 368 2504 ipsa
384 2465 482 2505 videt]
503 2465 561 2497 Sic
578 2466 684 2506 scrip-

3 2507 32 2538 i:
67 2511 153 2541 male
183 2512 260 2546 Quoe
278 2515 396 2554 vulgo;
433 2515 543 2546 credit
570 2527 606 2547 se
634 2516 683 2546 illi

0 2561 104 2597 atere,
126 2570 222 2599 quem
240 2563 314 2602 ipsa
330 2573 395 2594 non
412 2565 517 2597 videt.
563 2567 618 2597 Sic
636 2567 684 2597 in-

1 2607 202 2648 elligendum
215 2614 335 2645 suadet
351 2615 530 2655 Oppianus
550 2626 597 2648 iv.
613 2617 682 2648 Ha—

0 2658 79 2689 ieut.
108 2660 163 2690 nbi
189 2662 350 2695 Sci'denam
379 2676 454 2698 cum
485 2668 683 2699 Struthione

0 2716 173 2751 :omparat.
212 2712 288 2751 κάρη
314 2716 338 2745 δ’
380 2716 438 2756 ἄρα
477 2718 595 2760 δίζεται
620 2718 684 2750 οἷον

70 2764 183 2805 ΒεΙμΙι.
199 2769 229 2796 et
248 2765 320 2797 Var.
340 2769 422 2801 Clas.

655 2773 765 2803 Claud.

1329 159 1440 202 1489

732 258 913 300 Φράξασθαι.
940 259 1082 299 κεφαλὴν
1097 259 1129 290 δὲ
1145 260 1367 300 κατακρύψασα
1391 264 1443 295 καὶ

733 310 811 341 ὄσσε
823 309 975 340 Ἔλπεται
992 310 1052 349 οὐχ
1068 310 1187 350 ὁρόωσα
1211 313 1319 342 λαθεῖν
1334 312 1440 351 ὁρόων-

732 372 785 391 τος
801 359 945 400 ἐφορμήν.
980 361 1084 391 Plura
1096 361 1199 391 habes
1213 361 1283 392 illie
1297 361 1339 391 ad
1358 371 1439 392 reni.

733 411 840 441 Paulo
873 415 952 441 aute
987 411 1096 442 Oblita
1119 411 1235 450 fugam
1266 421 1326 451 pro
1350 410 1445 449 fugce

734 460 881 501 quinque
907 460 1049 499 scripti;
1073 466 1108 492 et
1132 461 1233 492 velata
1256 464 1348 501 caput
1373 471 1441 492 non

733 510 872 541 revoluta
887 519 971 540 unus
988 510 1195 541 Petavianus
1214 521 1291 542 enm
1310 511 1442 542 duobus

734 559 910 590 Vaticanis
927 564 962 590 et
978 560 1177 591 Pricaeano:
1196 561 1286 591 iuter
1298 559 1442 592 frutices

735 609 823 640 enim
837 609 1013 641 abscondit
1026 614 1130 650 caput
1143 623 1151 648 3
1166 620 1233 650 qua
1245 610 1287 641 de
1299 619 1334 641 re
1348 609 1443 641 Aris-

737 661 875 700 toteles,
890 660 969 692 hist.
984 660 1118 691 animal.
1134 660 1282 700 Plinius,
1293 660 1362 691 alii.
1392 661 1442 691 D.

736 710 852 742 Heins.

780 762 842 790 318
857 760 1109 792 Notadulcedine
1123 760 1253 800 pra’dae]
1268 761 1362 792 Notoe
1375 761 1441 792 duo

736 809 832 840 Med.
850 819 925 840 cum
939 810 1053 841 Palat.
1067 815 1102 841 et
1115 820 1182 842 sec.
1199 811 1314 841 Vatic.
1342 812 1440 842 Idem.

780 862 844 890 319
866 859 1007 899 Servire]
1030 860 1242 890 Serviturum
1260 869 1344 890 esse.

781 910 849 940 Nec
861 913 956 948 grata
972 910 1134 940 timentum
1148 910 1298 950 IlIunora]
1322 920 1360 942 11.
1376 911 1443 942 Sti-

737 960 860 991 lichon.
878 963 951 990 149.
974 961 982 976 ‘
999 960 1064 990 scis
1088 961 1180 990 nulla
1204 962 1343 1000 placere
1364 963 1442 993 Mu-

736 1019 832 1048 nera,
859 1019 935 1050 quae
960 1013 1115 1040 metuens
1140 1010 1220 1049 illis,
1244 1019 1326 1051 quos
1348 1021 1442 1052 spre-

737 1060 838 1099 verit,
853 1058 978 1090 offert!
1000 1059 1119 1090 Barth.

781 1112 843 1141 320
868 1110 979 1140 Prima
1000 1108 1142 1148 cingula]
1166 1108 1363 1150 Principem
1382 1111 1443 1141 mi·

737 1160 819 1191 litiae
850 1159 1066 1200 dignitatem.
1117 1159 1199 1190 Tam
1230 1160 1317 1191 enim
1349 1165 1443 1192 metu

737 1210 890 1251 perditus
915 1215 990 1241 erat
1005 1210 1204 1251 Eunuchus,
1228 1215 1266 1242 ut
1288 1211 1377 1243 hosti
1394 1211 1444 1243 of-

735 1260 842 1292 ferret
859 1260 1094 1301 magisterium
1111 1261 1274 1292 Militum.
1322 1263 1444 1302 Cingu-

735 1310 868 1351 lumjus
892 1311 1070 1342 militandi.
1115 1312 1190 1342 Nisi
1215 1313 1324 1353 malis,
1352 1314 1443 1345 obla·

737 1364 808 1391 tuin
824 1361 971 1392 militare
996 1363 1130 1393 culmen
1156 1363 1342 1403 respuisse,
1364 1374 1441 1395 con—

737 1413 870 1448 temptu
887 1412 1060 1441 Eunuchi:
1085 1422 1226 1444 munera
1250 1415 1339 1444 enim
1361 1414 1444 1445 dan-

737 1460 781 1490 tis
791 1460 914 1490 merito
927 1460 1060 1491 censeri
1075 1461 1196 1493 solent.
1232 1463 1441 1495 Absentibus

737 1519 818 1540 sane
848 1511 1049 1542 mittebatur
1076 1512 1180 1542 etiam
1205 1513 1379 1554 cingulum
1406 1516 1444 1547 il·

736 1559 852 1590 lustris
870 1560 1060 1599 dignitatis.
1085 1563 1208 1594 Claver.

779 1612 840 1641 321
878 1611 1008 1642 Consule
1033 1611 1107 1651 tali]
1157 1612 1377 1655 Conferente,
1407 1620 1444 1648 et

735 1659 796 1690 sub
814 1668 864 1691 eo,
891 1660 1008 1692 Barth.

778 1712 839 1740 325
883 1710 1019 1741 Tandem
1048 1713 1224 1754 consilium]
1271 1715 1442 1746 Concilium

735 1763 806 1791 tres
835 1760 955 1800 scripti
994 1771 1071 1792 cum
1099 1763 1269 1795 Claverio.
1314 1765 1440 1797 Silius:

735 1812 744 1827 ⁴
764 1810 952 1841 Concilium
982 1816 1081 1843 vocat
1114 1814 1317 1853 augustum!
1363 1816 1441 1847 Val.

737 1861 892 1900 Flaccus,
903 1861 962 1892 lib.
976 1871 1000 1893 1.
1024 1863 1033 1878 ⁴
1045 1862 1232 1903 AEquoreos
1245 1870 1346 1895 vocat
1359 1875 1443 1896 ecce

738 1911 829 1941 Deos
849 1912 1031 1951 Neptunus
1044 1917 1077 1943 et
1092 1913 1210 1954 ingens
1224 1914 1442 1946 Concilium.'

737 1961 898 1993 Juvenal.
926 1963 1041 2003 Satyr.
1059 1973 1107 1995 ιν.
1130 1965 1139 1980 ‘
1160 1970 1326 1996 vocantur
1349 1967 1440 2006 Ergo

737 2011 771 2042 in
799 2012 982 2043 concilium
1019 2022 1177 2052 proceres
1191 2013 1211 2045 :'
1247 2014 1296 2045 sic
1328 2015 1443 2055 legen-

737 2062 836 2093 dum:
872 2073 951 2094 mox
981 2063 1096 2104 addet,
1131 2065 1139 2081 ‘
1157 2064 1253 2095 exire
1273 2064 1443 2105 jubentur

737 2113 914 2144 Concilio.¹
960 2114 1104 2155 Confisus
1127 2124 1189 2155 pro
1204 2115 1359 2153 confessus
1375 2116 1441 2147 Pa-

736 2165 795 2194 lat.
812 2163 871 2194 sed
888 2164 988 2194 male.
1011 2165 1056 2195 D.
1074 2164 1189 2196 Heius.

782 2214 917 2245 Tandem
931 2215 1107 2255 consilium]
1130 2215 1218 2247 Sunt
1243 2216 1316 2247 haec
1340 2226 1360 2247 a
1375 2216 1442 2247 dis-

737 2264 901 2295 tinctione
925 2264 1148 2297 intricatiora.
1192 2266 1333 2298 Scribe:
1360 2268 1440 2298 Tan-

734 2316 802 2345 ‹lem
815 2316 988 2356 consilium,
1000 2315 1072 2346 belli
1086 2316 1239 2353 consessus
1249 2317 1375 2356 agendi,
1387 2309 1441 2348 Ad

734 2376 789 2397 sua
805 2369 887 2397 tecta
902 2370 987 2397 vocat
1000 2377 1009 2402 ,·
1024 2367 1155 2405 juvenes
1179 2377 1285 2398 venere
1301 2368 1441 2408 protervi

735 2417 918 2456 Lascivique
931 2427 1028 2448 senes.
1054 2418 1220 2455 Confessus
1229 2419 1343 2457 agendi
1358 2418 1442 2458 belli,

735 2466 814 2497 ideo
832 2467 930 2506 dixit,
942 2468 1019 2508 quia
1035 2473 1194 2500 coactum
1208 2473 1242 2500 et
1256 2468 1350 2509 quasi
1364 2477 1441 2499 con-

736 2517 930 2548 demnatum
943 2518 1149 2549 necessitate
1163 2519 1303 2560 aggredi
1315 2519 1440 2550 bellica

735 2568 878 2598 consilia
894 2567 988 2599 facit.
1035 2569 1159 2601 Potest
1183 2570 1284 2601 etium
1306 2569 1439 2600 facilior

735 2618 907 2649 sententia
935 2618 1023 2658 fieri,
1065 2619 1092 2650 si
1123 2619 1160 2650 τὸ
1186 2620 1347 2651 consilium
1377 2616 1437 2647 ἀπὸ

735 2669 836 2699 κοινοῦ
859 2670 1086 2709 repetendum
1113 2669 1221 2710 dicas,
1248 2674 1285 2701 ut
1313 2674 1379 2699 tam
1396 2669 1438 2698 ad

733 2719 951 2757 confessionem
980 2730 1080 2762 quani
1115 2721 1157 2751 ad
1192 2719 1437 2750 convocationem

1278 2775 1296 2801 5
1322 2771 1348 2801 B
