1763 3116
355 159 405 189 IN
442 158 472 189 1.
505 156 641 188 coNs.
671 154 885 187 S'rtmcH.
917 154 1011 186 Lm.
1045 155 1095 185 11.

0 253 99 285 citur.
124 253 170 284 D.
183 252 294 283 Heius.

42 302 190 342 oben-ae]
204 302 344 332 Delator
358 297 548 330 emissarius
558 309 567 337 ;
579 297 696 339 quales

0 352 107 386 emissi
123 352 256 383 occulte
272 360 291 381 a
307 349 456 389 tyrannis
472 350 505 379 in
522 349 697 390 populum,

0 403 173 434 subornati
205 400 347 431 divitum
385 409 574 439 eversores,
610 409 694 440 quos

0 452 123 494 aliquid
160 455 279 482 contra
317 454 472 490 tempora
502 453 561 480 aut
595 449 694 480 Prin-

0 503 91 541 cipes
103 500 238 539 fecisse,
249 499 386 539 dixisse,
396 500 694 531 calumniarentur.

0 551 110 582 Barth.

37 603 96 631 121
136 600 292 630 facturus
338 610 556 641 quemcumque
592 600 694 640 reum]

0 650 165 683 Fracturus
180 651 296 691 primae
313 650 389 681 edd.
415 651 555 683 Juuian.
581 650 694 682 Oxou.

0 701 161 733 l’ricaean.
174 706 209 731 et
229 701 351 731 Petav.
369 701 477 732 bene:
505 711 609 741 supra
634 702 692 732 lib.

0 760 19 783 1.
44 752 53 769 ‘
72 752 340 791 Fracturumque
372 760 447 782 reos
481 751 599 782 humili
631 752 693 782 sub

0 801 106 832 iudice
124 801 257 832 vultus!
301 801 423 832 Posset
441 806 552 832 tamen
569 806 603 832 et
627 802 693 841 legi

0 852 140 883 detur-us.
175 852 274 882 Reum
290 861 382 891 agere
396 852 534 891 elegans
552 856 586 882 et
603 851 694 882 Lati-

0 910 82 933 num.
109 901 277 933 D.11eins.

35 951 157 981 Obruta
168 951 266 981 virtus
281 950 484 991 Paupertate]
511 950 607 981 Infra
620 950 693 981 feli-

0 1002 87 1034 :itati
103 1006 295 1042 temporum
308 1006 482 1041 accenset,
496 1002 504 1017 ‘
517 1001 616 1034 Quod
629 1010 692 1032 nec

2 1061 86 1093 nops
96 1053 211 1093 jaceat
225 1052 390 1092 probitas,
402 1061 464 1083 nec
480 1052 605 1083 inertia
621 1061 692 1082 sur-

0 1108 48 1144 gat
62 1103 227 1134 Divitiis?
252 1103 369 1134 Barth.

34 1155 95 1184 122
118 1154 227 1184 Lectos
249 1163 288 1183 ex
315 1152 455 1183 omnibus
478 1152 541 1183 oris
560 1151 691 1191 Evehis]

0 1204 68 1235 >Ion
93 1203 278 1234 secundum
309 1203 473 1234 Patriam.
518 1201 611 1233 Dicit
628 1202 692 1233 boc

0 1253 106 1294 itique
136 1253 169 1282 in
200 1252 350 1283 favorem
384 1252 623 1291 Barbarorum,
656 1256 692 1283 et

0 1304 141 1342 Ducum,
169 1307 203 1334 et
227 1302 383 1342 militum,
408 1302 570 1333 Politicos
588 1301 693 1332 etiam

0 1353 216 1394 Magistratus
250 1352 455 1392 gerentium,
481 1352 603 1392 quibus
621 1357 693 1382 tum

0 1405 59 1435 aes
95 1403 250 1434 Romana
287 1402 474 1433 nitebatur.
533 1401 692 1442 Alioquin

0 1462 95 1485 :ensu
133 1452 286 1493 legitimo
313 1452 531 1491 legendorum
563 1451 604 1481 ad
636 1451 693 1482 lio-

0 1513 102 1542 mres,
115 1503 303 1544 praevalere
316 1502 433 1542 utique
447 1501 574 1532 Patriae
585 1502 693 1532 virtus

0 1553 104 1585 lebet.
131 1552 228 1584 Idem.

31 1606 92 1635 123
115 1604 158 1634 Et
182 1603 340 1641 meritum,
360 1612 421 1633 non
443 1611 511 1642 quoe
531 1601 692 1640 cunabula,

0 1653 115 1695 yuoeris]
136 1654 193 1684 Sic
214 1653 326 1684 Delrii
351 1652 468 1683 Codex
496 1656 532 1682 et
559 1651 692 1692 Cujacii

0 1704 79 1746 ipud
92 1703 285 1736 Claverium
299 1714 306 1734 z
320 1703 376 1734 ille
390 1707 503 1733 tamen
517 1703 691 1742 vulgatum

0 1758 18 1786 rt
33 1765 188 1795 autequam
204 1754 308 1785 meriti
333 1754 482 1785 cunabula
511 1763 690 1794 perperam

0 1806 130 1845 ›robat;
148 1805 235 1847 quod
260 1805 292 1835 in
310 1805 417 1845 primo
434 1798 606 1835 Vaticano'
620 1803 692 1843 plu-

0 1856 148 1896 ·imisque
167 1859 336 1895 praeterea
356 1853 492 1894 scriptis
507 1853 664 1884 exstabat
681 1865 688 1884 z

0 1906 76 1938 tlter
90 1905 239 1945 ejusdem
264 1908 294 1935 et
315 1905 457 1935 meritam
472 1913 627 1944 nunquam
642 1914 692 1934 cu-

0 1955 98 1987 tabula
127 1965 202 1987 cum
228 1955 357 1986 duobus
383 1955 637 1985 Pulmannianis
655 1958 691 1984 et

0 2010 133 2047 luatuor
149 2005 294 2043 nostris;
325 2005 414 2045 qnod
436 2009 471 2035 et
499 2005 690 2044 Raphelen-

0 2055 63 2096 gius
76 2060 226 2086 secutuS.
240 2055 306 2086 duo
318 2055 423 2085 meriti
437 2065 497 2085 non
512 2065 590 2095 quoe.
607 2055 691 2086 Lec-

4 2105 50 2143 io,
78 2115 176 2146 quam
205 2105 460 2145 exprimendam
486 2105 690 2143 curavimus,

0 2166 8 2187 ι
25 2156 182 2194 Lucensi,
199 2156 340 2195 Gyrald.
361 2161 395 2187 et
412 2157 600 2189 octodecim
617 2159 691 2189 aliis

0 2205 221 2237 :onfirmatnn
268 2207 351 2237 Mox
375 2208 502 2246 malim,
521 2208 564 2238 Et
581 2209 693 2249 quales,

0 2267 47 2289 lon
62 2259 141 2289 uncle
156 2258 242 2295 sati;
267 2264 305 2289 ut
321 2259 363 2289 ad
379 2258 417 2288 τὸ
437 2260 528 2290 lectos
542 2271 581 2291 ex
596 2262 692 2291 omni-

0 2307 46 2339 'noe
59 2309 122 2338 oris
137 2307 330 2341 referatur:
362 2319 555 2351 quanquam
573 2311 693 2351 scripti

0 2367 65 2390 :um
78 2359 177 2391 editis
195 2363 406 2400 constanter,
435 2361 479 2392 Et
505 2361 618 2402 qualis,
634 2372 693 2392 non

0 2409 74 2439 unde
89 2412 184 2440 satas.
212 2410 256 2441 D.
274 2410 394 2441 Heius.

39 2459 165 2500 Meriti]
185 2461 262 2492 Non
278 2461 419 2502 inquiris
429 2463 557 2493 natales
570 2466 695 2493 ortum-

0 2519 64 2550 que
94 2511 178 2550 ejus,
204 2512 260 2553 qui
287 2512 426 2553 provehi
455 2518 606 2545 meretur
628 2515 694 2545 vir-

0 2561 87 2590 tute.
111 2560 224 2592 Barth.

42 2608 208 2648 Meritum]
245 2611 328 2642 Eum
368 2613 441 2644 scil.
469 2614 525 2654 qui
551 2614 694 2646 meritus

0 2663 56 2690 est
67 2659 201 2690 honoris
219 2661 368 2699 gradum.
394 2664 516 2695 Claver.

42 2711 103 2742 124
127 2709 287 2749 Benigno]
323 2713 476 2752 Benigne
505 2716 616 2746 omnia
646 2716 694 2746 in-

83 2761 196 2802 Delph.
208 2765 237 2793 et
260 2761 331 2794 Var.
346 2765 430 2797 Clas.

671 2768 783 2798 Claud.

1339 149 1451 192 1521

748 252 976 289 terpretante,
991 246 1087 279 bonis
1105 246 1225 289 amico,
1240 257 1308 280 non
1324 248 1453 291 fingen-

748 303 783 330 te
800 299 896 338 vitia,
912 303 948 330 et
964 308 1034 339 prae
1051 299 1233 330 virtutibus
1247 309 1288 330 ea
1298 298 1453 331 dissimu-

746 349 852 380 lante.
896 349 1001 379 Secus
1032 349 1142 380 omnia
1158 353 1266 390 agunt
1288 348 1452 390 Tyranni.

747 399 865 430 Barth.

790 452 853 481 126
875 449 995 481 Priscae
1021 450 1149 481 redeunt
1171 449 1270 490 artes]
1300 449 1453 490 Symma-

746 500 840 538 chus,
857 499 916 531 lib.
933 508 957 530 t.
974 500 1084 540 Epist.
1101 502 1155 530 3⁷.
1180 499 1277 530 Idem.

791 552 851 580 1⁵27
876 549 1018 588 Ingeniis
1030 550 1172 590 aperitur
1182 549 1260 589 iter]
1284 550 1370 582 Quae
1387 549 1451 580 sub

746 600 908 631 libertate
946 600 1110 641 pleraque
1143 598 1303 640 floruere,
1341 607 1453 640 pauca

747 651 809 682 sub
826 651 1018 691 tyrannide.

790 703 997 743 Despectaque
1025 702 1127 733 Musae
1154 702 1243 733 Colla
1268 702 1386 743 celant]
1408 701 1454 732 A·

747 753 882 793 varitia,
904 757 940 784 et
956 753 1162 785 crudelitate
1179 758 1282 794 atque
1300 754 1452 785 inhuma-

747 803 857 834 nitate
881 803 1031 843 priorum
1050 804 1186 834 Ducum
1204 804 1297 834 velut
1310 812 1452 845 oppres-

749 863 806 884 sae.
831 853 950 885 Barth.

791 905 853 934 128
879 902 1054 943 Opibusque
1060 903 1166 942 fluens
1180 905 1209 933 et
1221 902 1356 944 pauper]
1382 902 1451 933 Ve-

748 962 785 982 ra
801 953 982 983 aestiniatio
1003 953 1155 983 virtutis.
1199 951 1454 992 Verajnstitia.

745 1002 1003 1033 Sententiarum
1040 1006 1139 1033 vetus
1168 1001 1300 1032 Auctor
1329 1002 1454 1032 Manu·

745 1051 895 1091 scrIptus
909 1062 917 1082 z
942 1051 951 1068 ‘
969 1051 1143 1082 Virtutem
1159 1050 1186 1080 si
1202 1050 1286 1081 colit
1295 1049 1453 1089 Sapiens,

744 1101 837 1131 nullo
863 1100 1058 1131 discrimine
1077 1100 1180 1140 juvat
1209 1108 1398 1140 pauperem
1415 1103 1452 1130 et

745 1150 947 1192 potentem.’
972 1150 1072 1182 Idem.

790 1204 851 1232 129
871 1200 1034 1241 Fructum]
1045 1200 1241 1232 Utilitatem
1249 1199 1450 1241 jucundam.

746 1252 844 1283 Idem.

788 1305 850 1334 130
872 1301 1001 1343 Jaceat]
1039 1302 1301 1343 Contemnatur‚
1324 1301 1450 1334 nullius

745 1352 848 1392 pretii
859 1352 1036 1383 habeatur.

788 1402 910 1432 laertia
941 1405 1051 1441 surgat
1092 1401 1243 1441 Divitiis]
1285 1401 1451 1434 Inertiam

745 1453 908 1493 probitati
937 1452 1092 1493 opponit.
1138 1453 1189 1483 Ea
1214 1452 1304 1485 enim
1326 1452 1452 1493 impro-

744 1503 832 1533 bitas
849 1512 943 1533 mera
959 1508 1034 1534 est:
1058 1503 1068 1520 ‘
1086 1503 1193 1543 Pigro
1210 1503 1300 1535 enim
1314 1504 1452 1536 homine

743 1561 843 1583 nemo
861 1555 914 1582 est
929 1552 1098 1592 nequior.’
1120 1552 1237 1583 Barth.

788 1603 850 1633 133
875 1600 1028 1641 Hebetat]
1058 1601 1243 1640 Obtundit,
1259 1602 1450 1635 contundit.

742 1653 905 1685 Silianam
936 1653 1019 1684 illud
1047 1655 1112 1685 huc
1135 1653 1241 1685 facit:
1275 1655 1363 1686 ‘nec
1402 1655 1453 1686 ira

742 1705 856 1735 Deum
885 1707 1029 1743 tantum,
1048 1712 1112 1735 nec
1139 1704 1219 1743 tela,
1245 1712 1308 1735 nee
1325 1704 1451 1743 hostes,

744 1756 919 1788 Quantum
948 1754 1019 1785 sola
1046 1759 1148 1787 nocet
1177 1755 1298 1787 animis
1328 1754 1454 1797 illapsa

744 1805 924 1845 voluptas.'
949 1805 1047 1836 Idem.

787 1859 848 1887 134
875 1855 1006 1886 Circaeis
1021 1856 1139 1896 herbis]
1162 1855 1353 1888 Proverbio
1368 1860 1451 1889 nota

743 1907 858 1938 Circes
897 1907 1164 1938 incantamenta.
1223 1908 1452 1948 Voluptatem

742 1957 932 1988 Veneream
960 1957 999 1986 iis
1026 1966 1046 1987 a
1075 1956 1188 1987 Poeta
1210 1957 1451 1999 circumscrip-

744 2013 812 2038 tam
830 2007 956 2038 docent
973 2007 1179 2048 Mythologi.
1204 2008 1303 2038 Idem.

786 2060 846 2088 135
871 2058 997 2087 Blanda
1009 2057 1133 2097 quidem
1153 2057 1273 2096 vultus]
1301 2057 1357 2089 Ita
1371 2057 1450 2089 libri

742 2107 878 2148 plurimi
897 2118 905 2138 :
945 2108 1033 2138 vultu
1063 2108 1172 2138 minus
1211 2108 1299 2138 bene
1333 2108 1449 2149 vulgo.

743 2159 866 2190 Tetrius
882 2159 1000 2198 ctiam,
1026 2167 1091 2189 non
1118 2158 1242 2197 tetrior,
1259 2157 1361 2189 iidem
1379 2168 1388 2190 :
1413 2163 1451 2190 et

744 2220 804 2250 pro
820 2210 957 2240 Interius
972 2208 1114 2249 Gyrald.
1140 2209 1284 2239 Lucens.
1309 2213 1346 2239 et
1373 2218 1449 2249 sep-

744 2265 811 2291 tem
841 2260 895 2290 alii
926 2259 1080 2290 Ultrices:
1104 2259 1200 2289 bene.
1246 2257 1451 2299 Prosucata,

743 2311 898 2352 plerique
914 2311 1064 2349 fuscata.-
1095 2315 1166 2341 tres
1199 2311 1340 2341 sulcata.-
1364 2319 1450 2342 unus

743 2362 880 2401 signata.
919 2363 1046 2392 Blanda
1062 2361 1173 2400 vultus,
1189 2365 1226 2391 ut
1244 2360 1336 2392 bello
1353 2360 1448 2392 Gild.

743 2413 752 2429 ‘
765 2422 828 2444 nec
842 2412 997 2443 flammea
1012 2412 1143 2442 vultum
1156 2411 1178 2441 :'
1206 2411 1254 2443 sic
1266 2414 1381 2451 gratus
1394 2421 1449 2442 ora

743 2463 834 2503 apud
852 2462 982 2502 Silium,
1002 2462 1058 2492 lib.
1078 2469 1143 2492 xli.
1170 2461 1180 2478 ‘
1198 2461 1356 2493 Dilectus
1371 2461 1449 2492 Pm-

744 2522 787 2543 no
803 2513 943 2553 Cinyps,
963 2522 1028 2553 quo
1046 2512 1175 2552 gratior
1190 2521 1249 2543 ora
1265 2512 1343 2543 Non
1361 2509 1449 2542 fuit!

745 2564 799 2594 Sic
816 2564 900 2594 bene
913 2563 1045 2603 scripti,
1056 2563 1113 2594 lib.
1129 2571 1204 2593 XVI.
1219 2563 1227 2579 ‘
1238 2562 1366 2593 Omnes
1383 2561 1449 2602 pri-

743 2615 843 2645 maevi
857 2613 1084 2654 flaventiaque
1103 2623 1162 2644 ora
1179 2613 1295 2644 decori
1313 2612 1333 2643 :¹
1346 2612 1395 2643 sic
1411 2614 1448 2641 et

745 2665 845 2704 paulo
863 2669 940 2704 post
963 2664 1054 2704 apud
1069 2668 1220 2694 nostrum
1240 2661 1417 2703 legendum
1437 2671 1446 2691 :

742 2715 752 2731 ‘
767 2714 889 2746 tetrica
906 2723 969 2746 nec
983 2714 1125 2746 Pallade
1140 2714 1270 2745 vultum
1288 2711 1448 2751 Inferior,

1291 2768 1310 2795 5
1329 2764 1358 2794 D
