1763 3116
511 156 574 185 DE
606 155 764 185 BELLO
796 156 991 186 GETlco.

24 248 129 280 lectio
156 259 190 280 se
220 253 335 280 tuetur
350 249 415 279 illis
442 247 557 279 Laude
573 248 723 286 Serenae,

25 302 36 318 ‘
50 302 138 342 quod
179 306 298 341 stagna
343 298 529 338 Charybdis
562 297 725 336 Armarit,

25 353 115 393 quod
135 353 247 393 Scylla
271 350 393 382 caues.’
438 351 476 380 ln
499 349 723 389 epigramma—

26 407 62 434 te
84 411 194 434 xxxv,
221 403 322 432 etiam
350 400 465 439 habes,
486 401 495 417 ‘
512 405 722 430 exarmatum

26 453 126 484 terris
137 452 347 491 cingentibus
358 450 502 491 aequorz’
518 460 593 480 mox
609 451 723 480 AEetun

24 506 189 542 excerpta
206 501 300 532 Lami.
326 501 369 532 D.
387 500 501 531 Heius.

67 552 257 591 Irrumperet
276 550 374 591 Argo]
392 551 531 581 Festino
544 551 631 581 enim
649 560 723 582 cur-

22 610 62 632 su
78 600 212 631 concita
227 601 428 641 pervolabat
445 601 551 641 Argo,
567 611 608 632 ne
621 612 640 632 a
655 602 723 632 col-

23 650 209 682 lidentibus
248 652 353 692 petris
391 657 485 683 tacta
527 651 723 683 elideretur.

24 700 164 732 Pariter
185 702 316 732 Seneca
346 702 492 732 Medea:
526 702 605 742 ‘qui
636 702 725 733 freta

26 751 168 790 primum
186 752 273 782 Rate
301 756 368 782 tam
396 750 509 792 fragili
526 752 657 792 perfida
674 763 726 783 ru-

27 800 100 841 pit.'
139 802 255 832 Barth.

69 853 88 881 3
121 852 260 892 sEetam]

27 900 169 931 Colchus
183 901 266 941 ipsa.

68 950 219 990 Propiore
255 951 387 990 periclo]
441 951 725 992 Symplegadibus

21 999 91 1039 jam
107 999 139 1029 in
155 999 361 1030 collisionem
378 1000 588 1032 sublimibus.
609 1001 725 1031 Barth.

68 1050 87 1079 4
119 1048 197 1078 Post
224 1049 365 1088 numina]
399 1050 568 1081 Junonem
597 1055 631 1080 et
662 1050 726 1080 Mi-

26 1105 173 1137 nervam,
185 1098 323 1129 Tutelas
339 1098 464 1138 Argus.
500 1099 597 1130 Idem.

69 1147 200 1187 Typhis]
224 1148 394 1187 Orpheus.

68 1201 86 1228 5
124 1198 218 1229 Tenui
249 1198 374 1238 damno]
417 1199 578 1230 Extrema
612 1210 725 1240 puppe

25 1248 119 1279 ruina
137 1248 299 1279 montium
314 1254 550 1289 conquassata.
590 1251 704 1280 Barth.

71 1302 90 1329 8
114 1298 265 1338 Stupuere
279 1299 432 1338 superboe]
456 1300 625 1336 Valerius,
642 1301 661 1331 l.
678 1309 726 1331 lv.

26 1350 34 1366 ⁴
53 1350 136 1380 Tum
163 1348 248 1379 freta
274 1359 349 1389 qua)
378 1350 485 1387 longis
509 1349 645 1380 fueraut
669 1351 726 1380 im-

25 1400 144 1440 pervia
172 1400 269 1430 seclis
310 1399 362 1430 Ad
393 1400 538 1431 subitam
566 1407 727 1441 stupuere

26 1449 154 1480 ratem!
188 1450 284 1480 Idem.

67 1499 219 1539 Stupuere
230 1498 382 1539 superbae]
399 1500 530 1539 Superbi
544 1504 611 1530 tres
624 1500 727 1541 serip-

26 1549 50 1580 ti
68 1561 75 1580 z
101 1559 182 1580 unus
202 1550 381 1580 Medico-us
404 1550 546 1589 superba,
563 1550 652 1590 quod
678 1551 729 1581 Li-

26 1600 135 1631 vineio
152 1600 309 1640 placebat
327 1612 333 1630 ;
351 1610 460 1640 neque
477 1601 576 1631 aliter
593 1610 611 1630 a
625 1611 726 1631 mauu

25 1649 174 1679 secunda
187 1649 219 1679 in
237 1649 424 1680 Oiseliauo.
461 1650 544 1680 Mox
563 1660 624 1690 pro
641 1661 728 1681 cunc-

24 1698 66 1729 tis
78 1699 230 1739 puppibus
246 1699 360 1730 Oxou.
376 1700 481 1730 certis.
505 1700 657 1739 Projura
671 1702 727 1732 soli

25 1757 110 1780 unius
127 1750 239 1781 Vatic.
255 1750 323 1781 sali.
356 1751 400 1780 Ι).
418 1750 536 1782 Heins.

70 1803 90 1829 9
115 1799 219 1830 Passa>
234 1801 315 1830 dura
336 1800 417 1840 Soli]
441 1801 546 1831 Inviti
565 1801 620 1842 qui
645 1801 725 1842 qnid

24 1847 153 1886 ferunt,
170 1850 241 1889 pati
258 1850 427 1882 dicuntur.
461 1852 576 1884 Barth.

68 1901 108 1930 10
129 1900 212 1930 Jura
232 1900 312 1940 Soli]
331 1902 506 1933 Naturam.
529 1902 620 1933 Ante
637 1903 727 1933 enim

25 1954 124 1980 erant
139 1950 279 1981 mobiles
296 1951 359 1981 illoe
383 1961 495 1992 rupes,
513 1951 586 1983 fato
603 1953 727 1983 consti-

28 2004 103 2030 tuto
138 2005 175 2031 ut
205 2002 450 2041 quamprimum
488 2003 601 2043 aliqua
633 2003 727 2033 navis

27 2050 200 2088 transiret,
214 2050 401 2089 figerentur
417 2053 498 2082 solo.

74 2100 203 2130 Cunctis
219 2100 332 2137 faciles
347 2101 416 2138 jam
429 2102 580 2142 puppibus
594 2103 727 2144 luerent]

27 2148 186 2189 Orpheus
217 2150 406 2190 Argonaut.
434 2152 483 2182 καὶ
512 2151 642 2190 ἔμπεδον
665 2153 729 2184 αἰὲν

27 2199 162 2238 ἔμιμνον,
185 2199 275 2230 Οἱίτω
297 2201 358 2241 γὰρ
379 2203 478 2241 μοῖραι
499 2201 565 2233 τάδ’
597 2203 729 2234 ἐπεκλώ-

27 2259 121 2279 σαντο
149 2252 281 2290 βαρεῖαι.
339 2252 467 2283 Discere
494 2254 535 2284 ad
571 2265 728 2295 magnum

25 2307 110 2339 opus
137 2299 371 2343 insignemque
396 2302 631 2335 difficultatem
656 2315 729 2346 per-

28 2349 124 2380 tinet.
159 2351 272 2382 Barth.

73 2402 112 2429 12
137 2400 234 2431 Navis
247 2402 284 2432 aI·
301 2403 453 2444 innocuae]
475 2405 610 2437 Illaesae.
637 2407 727 2437 Raro

29 2458 104 2480 usu.
141 2450 237 2481 Idem.

75 2501 114 2529 13
138 2499 230 2531 Tanti
253 2502 356 2542 regni]
389 2505 561 2537 Quantum
586 2507 642 2537 Sol
670 2517 726 2538 au-

30 2558 107 2580 reus
124 2550 238 2581 ambit.
270 2553 364 2584 Idem.

74 2597 167 2628 Tanti
187 2600 271 2638 pulso
292 2602 469 2634 discrimine
489 2605 592 2646 regni]
619 2607 729 2638 Tantis

29 2648 134 2686 regnis
151 2649 247 2678 malo.
286 2650 354 2681 Pro
373 2654 522 2692 sufficient
542 2655 595 2684 alii
615 2657 729 2697 suffice-

27 2701 109 2730 rent.
123 2698 442 2740 Gevart.sufficiane;
457 2702 551 2735 bene.
561 2705 604 2735 D.
617 2706 727 2737 Heins-

115 2751 230 2792 Delplt.
244 2756 274 2783 et
299 2753 372 2785 Var.
391 2755 474 2787 Clas.

308 851 377 882 Alii
406 853 471 892 leg.
498 854 619 892 ΑΞεαηι,
651 863 725 894 quae

713 2761 823 2792 Claud.

1369 151 1480 193 1553

818 251 856 279 15
892 250 931 280 In
958 250 1059 287 majus
1085 251 1239 282 celebrata
1259 253 1386 294 serant]
1433 259 1482 290 Et

773 298 836 329 hoc
852 303 906 329 est
931 299 1111 331 artificium
1136 302 1368 342 eloquentium
1391 305 1484 337 viro-

776 357 848 377 rum
869 348 900 377 in
929 350 1032 389 majus
1049 349 1170 382 efferre
1187 352 1294 383 miuus
1311 354 1482 386 celebrari

775 395 887 436 digna.
913 398 1030 430 Barth.

818 450 858 478 16
881 448 1015 480 Sudasse
1031 450 1224 492 Minervam]
1247 453 1403 484 Minerva
1433 459 1483 486 te-

776 497 895 528 xendae
922 498 1016 539 Argo
1050 501 1126 531 navi
1161 501 1339 541 praefecta.
1388 504 1481 535 Hinc

773 548 781 563 ‘
796 548 947 579 Tritonis
960 551 1057 589 pinus
1070 550 1077 561 '
1095 556 1130 581 et
1144 552 1152 567 ‘
1165 551 1321 585 Palladia
1334 554 1461 595 puppis
1474 555 1481 566 '

775 597 901 629 (licitur
920 599 1058 630 Nasoni.
1092 602 1191 633 Idem.

820 650 859 678 18
883 649 1007 679 Tomari
1033 651 1123 681 Jovis
1152 662 1270 691 augure
1300 653 1381 694 luco]
1424 654 1483 685 To-

775 707 879 728 marus
894 704 1005 730 autem
1020 710 1113 731 mons
1131 707 1183 732 est
1202 702 1370 743 Dodona»,
1382 703 1482 734 Tma-

777 757 831 777 rus
848 749 920 778 aliis
942 755 1171 790 nuncupatus,
1191 756 1330 783 auctore
1347 762 1485 793 correp-

779 802 852 827 tore
869 799 1043 838 Stephani.
1069 799 1109 829 In
1125 801 1273 831 Dodona
1290 811 1369 832 vero
1383 812 1485 843 quer-

778 858 836 878 cus
867 848 1032 887 fatidica‘,
1062 851 1150 881 unde
1189 861 1350 891 responsa
1377 852 1485 885 dabat

776 897 926 936 Jupiter.
974 900 1070 929 Duas
1087 899 1216 931 finxere
1236 902 1410 932 columbas
1426 904 1485 933 alii

776 946 928 987 AEgypto
950 948 1112 988 profugas
1130 950 1162 979 in
1183 952 1320 981 oracula
1338 953 1486 992 venisse,

777 1006 917 1036 quarum
949 998 1058 1029 altera
1092 999 1125 1029 iu
1162 1009 1325 1039 quercum
1369 1003 1486 1033 Dodo-

776 1055 897 1086 naeain,
916 1047 1021 1078 altera
1037 1047 1213 1079 Ammonis
1230 1048 1305 1079 Afri
1321 1051 1485 1082 consede·

776 1098 820 1128 rit
844 1098 1035 1132 delubrum.
1069 1100 1158 1132 Vide
1185 1101 1416 1143 Herodotum,
1433 1103 1484 1133 Si-

775 1147 868 1185 lium,
883 1149 942 1179 lib.
960 1158 1016 1180 111.
1033 1152 1096 1181 Sec.

819 1199 964 1239 Augure]
989 1200 1157 1232 Fatidico.
1191 1201 1311 1234 Barth.

823 1248 933 1280 Tenet-i
948 1250 1039 1281 Jovis
1058 1261 1176 1290 augure
1189 1253 1270 1293 luco]
1292 1252 1348 1283 Sic
1363 1252 1486 1293 scripti

779 1299 851 1330 fere
875 1310 1006 1332 omnes.
1045 1303 1158 1335 Oxon.
1187 1308 1223 1335 et
1250 1305 1337 1345 Reg.
1364 1306 1487 1336 tenori.-

780 1359 863 1380 unus
893 1351 1016 1383 Petav.
1046 1362 1122 1383 cum
1155 1353 1345 1394 Oiseliano‚
1375 1356 1486 1387 tonet-i.

779 1398 849 1429 Alii
863 1400 998 1440 quidam
1011 1403 1123 1432 summi
1134 1403 1234 1433 Jovsis.
1259 1403 1356 1436 Tert.
1370 1406 1484 1437 Vatic.

777 1453 896 1481 totum:
934 1453 1033 1492 vulgo
1064 1454 1181 1484 monitu
1205 1454 1308 1486 Jovis.
1361 1455 1487 1487 Tomari

778 1500 867 1529 Jovis
883 1500 1023 1540 primus,
1045 1502 1134 1542 quod
1150 1503 1386 1542 sciam,Janus
1400 1505 1485 1536 Par-

780 1549 910 1580 rhasius
927 1551 1132 1582 emendavit.
1169 1553 1254 1583 Mox
1271 1554 1328 1584 alii
1347 1555 1486 1587 Tomari.

779 1598 867 1638 quod
885 1599 974 1630 idem
990 1611 997 1630 :
1021 1600 1081 1631 sed
1095 1610 1171 1631 cum
1188 1603 1339 1633 secunda
1356 1604 1487 1643 syllaba

778 1649 811 1679 in
833 1651 980 1682 Tomarus
996 1651 1219 1692 producatur,
1234 1658 1273 1684 ut
1291 1653 1322 1684 in
1345 1654 1404 1685 illo
1421 1655 1488 1686 Or·

778 1699 855 1740 phei
872 1700 1125 1741 Argonauficts,
1145 1702 1201 1733 ubi
1221 1703 1264 1733 de
1280 1702 1374 1744 Argo
1403 1704 1489 1745 agit,

778 1750 826 1788 Δὴ
851 1751 916 1782 τότ’
941 1751 1168 1792 ἐπιβρομέουσα
1193 1754 1344 1794 Τομαριὰς
1367 1753 1486 1794 ἔκλαγε

778 1801 891 1841 φηγὸς,
908 1803 987 1833 mihi
1006 1804 1124 1834 Tmarii
1139 1805 1231 1835 Joris
1253 1815 1272 1836 a
1298 1806 1486 1837 Claudiano

778 1851 943 1891 scriptum
958 1852 1105 1885 videtur.
1120 1854 1329 1895 Hesychius:
1347 1855 1489 1897 Τμάριος,

778 1900 851 1931 Ζεὺς
875 1901 908 1931 ἐν
930 1902 1072 1944 Δωδώνῃ.
1107 1904 1315 1945 Stephanus,
1339 1905 1487 1946 Τόμαρος,

779 1951 848 1989 ὄρος
864 1952 1024 1992 Δωδώνης,
1041 1953 1057 1983 ὅ
1069 1965 1148 1985 τινες
1164 1955 1329 1994 Τομοῦρον,
1350 1955 1401 1986 καὶ
1415 1955 1489 1988 τοὺς

778 2004 998 2035 κατοικοῦντας
1026 2003 1207 2045 Τομούρους·
1244 2006 1273 2035 οἱ
1302 2005 1334 2036 δὲ
1369 2005 1489 2046 Τμάρος

778 2054 841 2093 (sie
867 2054 958 2094 lego,
986 2064 1052 2085 non
1077 2053 1225 2096 Τμάρας),
1249 2054 1284 2086 οὗ
1309 2055 1347 2087 τὸ
1370 2056 1488 2088 ἐθνικὸν

778 2103 917 2144 Τμάριος.
967 2105 1087 2145 Vin-gil.
1126 2106 1246 2145 Eclog.
1276 2115 1357 2138 vm.
1389 2107 1487 2139 ‘Aut

779 2155 933 2194 Tmaros,
957 2160 1014 2186 aut
1046 2155 1224 2195 Rhodope,
1250 2161 1310 2188 aut
1338 2158 1486 2188 extremi

780 2204 1030 2236 Garamantes.'
1058 2206 1113 2236 Sic
1127 2206 1216 2236 enim
1229 2207 1485 2248 antiquissimus

778 2255 867 2286 liber
908 2256 1135 2287 Florentinus.
1188 2257 1301 2297 Vulgo
1332 2257 1484 2290 Ismarus.

780 2306 856 2337 Nec
887 2306 1008 2336 dubito
1037 2307 1127 2347 apud
1154 2308 1300 2339 eundem
1330 2308 1417 2340 libro
1449 2319 1483 2341 v.

778 2356 939 2387 AEncidos
952 2358 1025 2397 pari
1042 2357 1143 2389 modo
1159 2354 1374 2390 scribendum
1392 2370 1485 2392 esse:

778 2406 787 2423 ‘
806 2406 861 2437 Fit
878 2407 990 2437 Beroe
1005 2408 1130 2438 Tmarii
1153 2409 1304 2447 conjunx
1327 2410 1485 2451 longaeva

777 2457 923 2497 Dorycli
939 2457 960 2488 :'
985 2468 1045 2498 pro
1071 2469 1136 2499 quo
1167 2460 1294 2491 Ismarii
1311 2470 1402 2492 nunc
1420 2461 1484 2491 cir-

778 2506 980 2539 cumfertur.
1027 2508 1130 2539 Certe
1156 2510 1304 2541 omnium
1322 2511 1485 2542 vetustis-

777 2557 880 2587 simus
895 2557 1005 2588 codex
1028 2558 1245 2591 Florentinus
1265 2561 1374 2592 Mari.-
1400 2570 1483 2591 unus

780 2607 954 2638 Leidensis
971 2609 1069 2639 Tarii.
1107 2609 1240 2640 Pierius
1264 2621 1399 2651 quoquc
1420 2610 1486 2639 Vu-

777 2658 927 2689 lerianus
947 2659 980 2690 in
998 2660 1171 2701 plerisque
1187 2663 1257 2691 suis
1275 2661 1376 2691 Marii
1393 2660 1483 2689 iuvo-

780 2708 869 2740 nisse
886 2719 922 2741 se
939 2714 1096 2742 testatur.
1129 2711 1186 2742 Sic
1208 2711 1294 2742 libro
1317 2719 1368 2739 ix.
1393 2709 1482 2748 apud

1324 2766 1341 2792 5
1369 2762 1394 2792 1³
