1763 3116
366 151 417 181 ΙΝ
452 151 480 180 1.
513 150 649 180 CONS.
682 148 889 179 STimcH.
925 149 1020 179 LIB.
1054 148 1107 178 ΙΙ.

10 253 163 285 peresam
189 243 334 276 Conficit
358 242 528 284 effigiem.'
562 241 599 272 In
624 242 707 272 Pro-

8 295 121 335 pertio
139 300 248 326 tamen
264 294 390 325 obscura
415 292 556 331 rubigine
572 291 705 322 omnino

8 344 144 384 placet;
167 355 240 375 eum
259 344 357 383 vulgo
374 344 508 382 legatur
523 341 586 373 Sed
602 345 705 372 tamen

5 395 161 431 obsistam.
185 395 216 424 in
241 392 440 433 quibusdam
461 393 504 422 sit
528 391 703 422 codicibus

4 444 113 475 obsita.
143 445 183 474 Ι).
199 443 316 473 Heius.

47 497 107 525 195
131 492 278 532 Ligmues]
312 492 364 523 Ad
393 491 587 523 faciendum
618 500 701 532 opus

3 544 174 574 rusticum.
199 543 315 573 Barth.

46 594 106 622 196
122 592 328 632 :ignoscitque
343 591 443 632 casas]
466 592 519 623 Sic
537 592 620 623 bene
639 593 701 623 Ra-

1 642 198 683 pheleugius
212 653 284 673 eum
299 642 558 682 Aldo,lsiugrin.
572 648 606 673 et
621 647 700 673 octo

0 693 143 723 nostris:
171 703 254 723 uuus
281 693 438 724 Ambros.
462 694 613 731 Agnoscit
633 703 702 723 cau-

0 742 68 778 las:
90 744 256 784 quomodo
288 744 448 774 Bartliius
474 754 513 774 ac
542 744 700 774 Schottus

0 794 227 834 conjecerant.
241 796 351 833 Vulgo
363 794 511 833 Agnoscit
526 804 650 830 causas;
666 800 700 825 et

0 844 80 874 cedit
111 855 170 884 pro
193 845 310 875 credit:
344 844 381 873 τὸ
411 845 491 874 cedit
518 854 699 884 perperam

0 894 87 924 curis
105 894 264 923 ism-,nudis-
289 899 404 924 tuetur
433 894 606 932 Bartllius,
622 903 697 924 cum

0 942 198 973 membranae
228 952 343 972 omnes
372 943 528 972 meliores
558 947 593 972 et
624 943 698 982 ipsa

0 993 82 1023 ratio
114 1001 174 1032 pro
212 992 319 1022 altera
351 993 497 1023 lectione
529 997 694 1031 pugnent.

0 1043 38 1075 D.
56 1043 166 1073 Heius.

39 1093 189 1133 Collibus]
222 1093 365 1132 Relligio
398 1093 559 1123 oscnlatae
591 1097 692 1123 terrae

0 1141 182 1174 illustratur
199 1143 292 1173 uobis
310 1143 403 1174 alibi.
434 1143 550 1174 Barth.

35 1195 94 1224 197
121 1194 191 1223 Non
204 1195 285 1224 cedit
301 1193 421 1233 aratro]
435 1193 553 1224 Sciens
570 1203 634 1224 non
652 1194 692 1224 iri

5 1244 255 1274 nterturbatum
273 1254 356 1284 opus
371 1245 517 1275 bostium
544 1245 692 1285 repenti-

0 1303 36 1324 no
54 1294 201 1331 incursu,
217 1295 275 1325 sed
293 1304 353 1334 pro
371 1305 429 1325 sua
446 1295 516 1335 jam
533 1295 691 1335 subigens

0 1348 128 1375 terram.
153 1345 248 1375 Idem.

47 1397 107 1424 198
145 1395 265 1424 Incztlta
301 1395 415 1425 dabant
453 1404 528 1434 quas
565 1393 692 1433 soeculu]

0 1445 100 1485 Longi
119 1445 208 1474 anni.
234 1444 379 1484 Proprie
393 1445 446 1474 hic
462 1450 574 1475 autem
589 1445 692 1484 loqui-

0 1503 56 1526 :ur.
79 1495 248 1525 Sam-ulum
265 1495 351 1524 enim
371 1495 458 1524 solos
473 1502 560 1524 xxx.
586 1504 690 1525 annos

0 1543 192 1586 plaudoque
209 1549 316 1575 notat.
342 1544 440 1575 Idem.

28 1596 92 1625 200
117 1594 262 1624 Patrium
288 1593 437 1633 vectigal]
500 1593 576 1624 Non
612 1603 688 1625 auc-

0 1653 58 1675 um
87 1653 148 1684 per
167 1648 216 1674 tot
233 1643 375 1674 militum
394 1643 621 1674 Romanorum
645 1644 688 1674 la-

0 1704 100 1733 iores,
118 1704 200 1735 quos
217 1694 336 1725 innuit.
362 1694 458 1726 Idem.

27 1748 91 1777 202
114 1744 328 1783 ‹Iurene-scere]
363 1745 498 1775 Senium
513 1745 600 1774 enim
620 1755 688 1774 om-

0 1804 61 1826 nem
79 1795 244 1834 morbum,
260 1804 357 1825 omne
375 1795 618 1826 detrimentum
632 1805 688 1826 no·

0 1850 47 1877 at.
73 1847 171 1876 Idem.

25 1898 88 1928 203
113 1896 179 1927 Sub
206 1900 251 1927 tot
279 1896 490 1937 Principibus]
515 1890 684 1928 'Invenies

0 1947 142 1978 nirificas
168 1947 284 1978 turbas
309 1954 387 1978 ante
414 1947 487 1978 haec
516 1953 684 1988 tempora,

0 1997 217 2028 *onvulsioues
228 1997 683 2037 Imperii,tumultuationes,

2 2046 183 2078 ebelliones
202 2053 403 2088 pe1·petuas;
428 2048 516 2088 quod
531 2046 684 2079 refloruit

0 2096 244 2136 nuodammodo,
265 2097 461 2129 Stilichonis
475 2098 682 2138 potissimum

0 2155 98 2188 pera,
113 2147 172 2178 snb
190 2147 355 2178 Honorio.
379 2148 476 2179 Idem.

20 2199 83 2228 204
114 2197 160 2228 Τιι
183 2198 304 2238 reddis]
350 2198 479 2238 Scripti
510 2198 607 2229 multi
643 2199 682 2229 Te

0 2248 66 2278 eddi
81 2249 143 2278 solo
157 2252 315 2288 poterunt,
342 2254 376 2278 et
396 2253 508 2280 crescet
525 2250 680 2290 sequenti

4 2306 90 2329 ersu.
113 2299 157 2329 D.
182 2298 295 2330 Heius.

24 2350 85 2379 205
123 2349 292 2379 Romanum
323 2350 432 2380 vulnus
457 2353 578 2384 tealura
603 2351 680 2382 cica-

0 2396 64 2436 rix]
81 2396 157 2428 Non
171 2398 274 2428 audet
288 2399 496 2430 sanationem
511 2400 679 2441 integram

0 2446 290 2488 rolliccrifflmdens
302 2449 499 2490 plerumque
512 2451 680 2491 veritatis,

0 2496 85 2529 tiam
117 2498 148 2528 in
180 2500 296 2530 mediis
326 2500 596 2533 adulationibus:
636 2503 677 2534 de

3 2551 62 2578 ute
78 2556 158 2588 ergo
177 2549 294 2580 leviter
310 2551 421 2582 clausa
439 2552 601 2593 loquitur,
614 2553 677 2584 sul)

6 2607 48 2628 ua
64 2599 243 2637 purulenta
257 2600 388 2632 lateant
400 2602 521 2633 omnia.
546 2603 661 2635 Barth.

22 2650 86 2679 208
122 2649 247 2680 Coelcste
275 2650 445 2691 judicium]
513 2653 675 2685 Deorum.

0 2699 79 2730 dem.

1350 142 1463 183 1525

800 244 863 273 209
878 242 1053 282 Judicium]
1068 242 1190 280 Favor,
1202 241 1362 282 ebaritas,
1374 243 1461 275 elec-

758 292 817 331 tio,
836 292 1030 323 aestimatio.
1058 292 1153 324 Idem.

799 341 940 380 Cingunt
953 342 1082 382 Superi]
1107 342 1273 372 Ammian.
1320 341 1361 372 Id
1385 343 1457 381 agit

755 391 950 431 benignitas
966 392 1112 422 numinis
1141 396 1199 422 aut
1227 390 1384 421 meritum
1403 390 1461 421 ho-

754 443 892 480 minum,
909 447 968 473 ant
981 441 1118 479 affectio
1136 442 1280 480 sincera,
1295 451 1363 481 qua
1379 441 1461 471 divi-

752 493 841 523 nitas
859 493 1023 533 tangitur,
1048 493 1090 523 ad
1116 491 1291 533 prodenda
1308 500 1359 530 ea,
1383 501 1459 532 quae

753 544 833 584 ipsis
858 543 1090 584 impendeant.
1128 543 1230 574 Hom.
1248 540 1323 582 ὄναρ
1338 541 1372 571 ἐκ
1387 539 1460 572 Διός

752 594 847 625 ἐστιν.
874 595 997 625 Claver.

794 648 856 676 210
879 645 946 675 Aut
962 644 1052 675 litore
1067 644 1217 684 produnt]
1236 644 1283 674 Ut
1298 643 1340 674 ad
1355 642 1457 684 Aqui-

751 695 850 726 leiam
866 695 1074 725 Maximum:
1099 693 1357 734 Andragatliius
1374 704 1457 734 pra’·

750 755 831 785 ceps
844 745 876 775 in
890 745 994 776 undas
1011 755 1084 776 sese
1102 745 1250 785 abjecit:
1271 744 1454 776 Gildonem

748 795 934 825 Tabracam
967 801 1090 835 pontus
1121 795 1265 835 expulit.
1311 795 1380 825 Sed
1414 796 1456 826 de

750 846 816 876 isto
833 846 1049 886 capiendum,
1074 846 1164 887 quod
1182 846 1347 887 sequitur,
1380 848 1389 864 ‘
1410 852 1457 877 to-

750 900 821 926 tum
863 897 1014 936 oppositi
1043 897 1209 927 claudunt
1250 896 1275 928 f.
1315 896 1455 937 aequor!

748 944 865 975 Barth.

789 997 853 1024 212
877 994 917 1025 In
931 1004 963 1025 se
977 994 1118 1034 vertunt]
1147 994 1372 1034 Arbogastes,
1387 997 1453 1026 Eu-

745 1043 836 1083 genii
850 1045 932 1074 Dux
950 1043 1226 1074 bellicosissimus
1243 1049 1277 1073 et
1291 1045 1452 1076 strenuis·

745 1094 848 1124 simus
864 1103 922 1124 sua
938 1103 973 1124 se
991 1104 1091 1124 manu
1109 1094 1265 1134 peremit.

788 1144 907 1175 Militis
919 1143 1002 1183 ense]
1028 1142 1188 1175 Rufinum
1201 1143 1295 1174 dicit.
1313 1144 1430 1176 Barth.

784 1198 848 1226 214
876 1195 1001 1226 Cubilia
1035 1193 1203 1234 fraudum]
1252 1194 1451 1224 Penetralia

743 1254 876 1283 arcana,
889 1256 908 1276 a
924 1245 1092 1276 cubilibus
1110 1243 1260 1275 ferarum
1276 1244 1451 1284 ingeniose

743 1295 884 1327 effossis.
911 1297 1008 1326 Idem.

785 1349 846 1376 215
876 1347 994 1376 Tenem
1008 1344 1096 1384 nare]
1111 1345 1274 1385 Sagaeem
1291 1344 1375 1375 dicit
1389 1345 1449 1376 Se-

743 1405 827 1426 neca
843 1396 1052 1435 Hippolyto:
1077 1398 1085 1412 ⁶
1103 1395 1205 1425 Nune
1219 1395 1353 1425 demissi
1367 1404 1450 1427 nare

742 1446 856 1485 sagaci
873 1447 1021 1485 Captent
1036 1454 1146 1483 aures,
1170 1445 1343 1486 lustraque
1357 1455 1450 1485 pres-

742 1507 778 1528 so
795 1498 962 1529 Quaerant
979 1495 1112 1526 rostro.’

789 1547 954 1577 Venantem
970 1555 1044 1576 nare
1062 1545 1209 1584 Molossi]
1241 1546 1411 1576 Molossum
1428 1555 1448 1576 a

740 1606 839 1626 manu
874 1596 984 1636 prima
1023 1595 1150 1635 primus
1184 1594 1368 1624 Vaticanus
1412 1600 1447 1626 et

740 1647 957 1677 Pricaeauus:
984 1644 1154 1686 quomodo
1178 1648 1214 1674 et
1239 1644 1295 1674 alii
1312 1653 1445 1677 novem.

738 1697 783 1727 D.
803 1697 916 1727 Heius.

781 1749 842 1777 217
869 1747 964 1777 Certa
977 1746 1150 1785 dignantur
1162 1744 1299 1783 imagine
1308 1745 1443 1786 somnos]

737 1798 903 1838 Exempla
919 1806 985 1827 non
1001 1806 1110 1837 pauca
1127 1798 1330 1836 suppetunt,
1346 1795 1445 1826 Prin·

737 1847 831 1887 cipes
848 1847 951 1878 etiam
965 1846 1119 1878 veritatis
1135 1846 1282 1885 ignaros,
1306 1845 1443 1878 somniis

736 1897 927 1928 futurarum
943 1907 1054 1928 rerum
1071 1895 1274 1927 admonitos.
1287 1896 1406 1926 Barth.

779 1951 841 1978 218
868 1947 990 1987 Terroe]
1035 1946 1221 1977 Provincia».
1265 1946 1322 1976 Sic
1352 1945 1443 1977 enim

737 1999 942 2029 Consulatus
960 2003 1112 2028 veterem
1128 1996 1332 2036 dignitatem
1351 1996 1440 2027 tueri

735 2049 938 2079 Claudianus
971 2048 1114 2086 laborat,
1155 2052 1191 2077 ut
1214 2046 1258 2078 ob
1289 2052 1439 2078 servatas

734 2099 932 2131 Provincias
948 2099 1109 2130 collatum
1121 2102 1301 2130 asseveret.
1318 2098 1417 2129 Idem.

775 2153 838 2181 220
861 2150 1003 2181 Aliorum
1016 2159 1115 2190 prona
1127 2148 1249 2188 favori,
1260 2149 1369 2179 Judex
1382 2150 1438 2180 ‹iu-

732 2210 767 2230 ra
783 2199 846 2240 sui]
880 2200 1073 2232 Moderatio
1088 2198 1286 2230 Stilichonis
1302 2199 1437 2231 Zosimo

732 2255 864 2282 notata.
890 2251 987 2282 Idem.

774 2304 832 2333 221
862 2301 997 2333 Facibus
1010 2310 1154 2331 succensa
1175 2299 1319 2342 pudoris]
1354 2300 1436 2331 Lar-

733 2362 776 2392 go
794 2352 888 2382 velut
905 2351 995 2391 igne.
1022 2352 1119 2382 Idem.

774 2404 836 2433 223
865 2402 980 2433 Tantos
994 2401 1105 2442 annos]
1139 2402 1217 2433 Tot.
1243 2402 1433 2433 Numerum

731 2457 765 2483 et
781 2452 1040 2492 amplitudinem
1054 2462 1119 2483 vox
1131 2452 1196 2483 ista
1210 2452 1307 2483 simul
1324 2457 1432 2484 notat.

729 2503 830 2534 Idem.

771 2557 833 2584 225
861 2554 978 2593 Cogere
992 2553 1089 2594 certe]
1109 2554 1202 2594 Lege
1218 2557 1323 2585 certoe.
1349 2553 1430 2584 Mox

728 2613 877 2634 annueres
892 2603 980 2635 bene
998 2604 1149 2644 potiores
1165 2604 1286 2646 scripti
1308 2608 1344 2635 et
1363 2603 1430 2633 Ra-

728 2654 941 2695 phelengins.
984 2654 1098 2696 Vulgo
1122 2655 1277 2686 annuerit.
1321 2652 1429 2684 Aldus

726 2709 762 2736 et
779 2705 905 2736 Mazar.
927 2705 1085 2737 annueris.
1128 2705 1222 2736 Male
1249 2708 1370 2744 postea
1393 2706 1429 2735 et
