<?xml version="1.0" encoding="UTF-8"?>
<!DOCTYPE html PUBLIC "-//W3C//DTD XHTML 1.0 Transitional//EN"
    "http://www.w3.org/TR/xhtml1/DTD/xhtml1-transitional.dtd">
<html xmlns="http://www.w3.org/1999/xhtml" xml:lang="en" lang="en">
 <head>
  <title>
</title>
<meta http-equiv="Content-Type" content="text/html;charset=utf-8" />
  <meta name='ocr-system' content='tesseract 3.04.00' />
  <meta name='ocr-capabilities' content='ocr_page ocr_carea ocr_par ocr_line ocrx_word'/>
</head>
<body>
  <div class='ocr_page' id='page_1' title='image "./operaomniaexedit04clauuoft_0163.png"; bbox 0 0 1763 3116; ppageno 0'>
   <div class='ocr_carea' id='block_1_1' title="bbox 353 146 1156 182">
    <p class='ocr_par' dir='ltr' id='par_1_1' title="bbox 353 146 1156 182">
     <span class='ocr_line' id='line_1_1' title="bbox 353 146 1156 182; baseline -0.009 1"><span class='ocrx_word' id='word_1_1' title='bbox 353 152 415 182; x_wconf 80' lang='lat' dir='ltr'>DE</span> <span class='ocrx_word' id='word_1_2' title='bbox 449 149 609 182; x_wconf 77' lang='lat' dir='ltr'><strong>RAPTU</strong></span> <span class='ocrx_word' id='word_1_3' title='bbox 645 146 966 178; x_wconf 85' lang='lat' dir='ltr'><strong>PROSERPINAE</strong></span> <span class='ocrx_word' id='word_1_4' title='bbox 1001 146 1092 176; x_wconf 82' lang='lat' dir='ltr'>LlB.</span> <span class='ocrx_word' id='word_1_5' title='bbox 1126 147 1156 176; x_wconf 86' lang='lat'>1.</span> 
     </span>
    </p>
   </div>
   <div class='ocr_carea' id='block_1_2' title="bbox 24 241 734 2735">
    <p class='ocr_par' dir='ltr' id='par_1_2' title="bbox 28 241 727 585">
     <span class='ocr_line' id='line_1_2' title="bbox 31 241 726 288; baseline -0.01 -10"><span class='ocrx_word' id='word_1_6' title='bbox 31 248 98 278; x_wconf 83' lang='lat' dir='ltr'>tius</span> <span class='ocrx_word' id='word_1_7' title='bbox 115 247 335 288; x_wconf 76' lang='lat' dir='ltr'>praesentario</span> <span class='ocrx_word' id='word_1_8' title='bbox 361 255 460 286; x_wconf 87' lang='lat' dir='ltr'>quam</span> <span class='ocrx_word' id='word_1_9' title='bbox 482 243 580 274; x_wconf 83' lang='lat' dir='ltr'>misso</span> <span class='ocrx_word' id='word_1_10' title='bbox 603 241 726 272; x_wconf 91' lang='lat' dir='ltr'>nuncio</span> 
     </span>
     <span class='ocr_line' id='line_1_3' title="bbox 28 292 726 340; baseline -0.013 -10"><span class='ocrx_word' id='word_1_11' title='bbox 28 299 165 330; x_wconf 85' lang='lat' dir='ltr'>volebat</span> <span class='ocrx_word' id='word_1_12' title='bbox 190 300 369 340; x_wconf 83' lang='lat' dir='ltr'>quaesitum</span> <span class='ocrx_word' id='word_1_13' title='bbox 395 295 600 334; x_wconf 79' lang='lat' dir='ltr'>eonjugium,</span> <span class='ocrx_word' id='word_1_14' title='bbox 625 292 726 332; x_wconf 82' lang='lat' dir='ltr'>idque</span> 
     </span>
     <span class='ocr_line' id='line_1_4' title="bbox 32 342 725 389; baseline -0.013 -9"><span class='ocrx_word' id='word_1_15' title='bbox 32 350 134 387; x_wconf 83' lang='lat' dir='ltr'>illico,</span> <span class='ocrx_word' id='word_1_16' title='bbox 159 350 350 389; x_wconf 81' lang='lat' dir='ltr'>prinsquam</span> <span class='ocrx_word' id='word_1_17' title='bbox 382 354 565 386; x_wconf 79' lang='lat' dir='ltr'>quosquam</span> <span class='ocrx_word' id='word_1_18' title='bbox 593 342 635 372; x_wconf 89' lang='lat' dir='ltr'>de</span> <span class='ocrx_word' id='word_1_19' title='bbox 663 343 725 372; x_wconf 76' lang='lat' dir='ltr'>lioc</span> 
     </span>
     <span class='ocr_line' id='line_1_5' title="bbox 30 393 727 439; baseline -0.01 -11"><span class='ocrx_word' id='word_1_20' title='bbox 30 400 103 439; x_wconf 71' lang='lat' dir='ltr'>ejus</span> <span class='ocrx_word' id='word_1_21' title='bbox 118 399 254 429; x_wconf 84' lang='lat' dir='ltr'>consilio</span> <span class='ocrx_word' id='word_1_22' title='bbox 270 401 425 428; x_wconf 85' lang='lat' dir='ltr'>constare</span> <span class='ocrx_word' id='word_1_23' title='bbox 442 398 564 434; x_wconf 65' lang='lat' dir='ltr'>posset.</span> <span class='ocrx_word' id='word_1_24' title='bbox 587 393 727 431; x_wconf 79' lang='lat' dir='ltr'>Jupiter</span> 
     </span>
     <span class='ocr_line' id='line_1_6' title="bbox 31 443 725 487; baseline -0.009 -9"><span class='ocrx_word' id='word_1_25' title='bbox 31 453 141 478; x_wconf 88' lang='lat' dir='ltr'>autem</span> <span class='ocrx_word' id='word_1_26' title='bbox 158 447 307 487; x_wconf 76' lang='lat' dir='ltr'>plurimis</span> <span class='ocrx_word' id='word_1_27' title='bbox 322 445 504 475; x_wconf 68' lang='lat' dir='ltr'>Poetarum</span> <span class='ocrx_word' id='word_1_28' title='bbox 521 443 604 474; x_wconf 86' lang='lat' dir='ltr'>locis</span> <span class='ocrx_word' id='word_1_29' title='bbox 620 448 654 473; x_wconf 87' lang='lat' dir='ltr'>et</span> <span class='ocrx_word' id='word_1_30' title='bbox 670 451 725 472; x_wconf 85' lang='lat' dir='ltr'>au-</span> 
     </span>
     <span class='ocr_line' id='line_1_7' title="bbox 30 491 726 538; baseline -0.01 -10"><span class='ocrx_word' id='word_1_31' title='bbox 30 507 112 538; x_wconf 81' lang='lat' dir='ltr'>spex</span> <span class='ocrx_word' id='word_1_32' title='bbox 126 502 160 527; x_wconf 86' lang='lat' dir='ltr'>et</span> <span class='ocrx_word' id='word_1_33' title='bbox 172 495 343 526; x_wconf 80' lang='lat' dir='ltr'>consector</span> <span class='ocrx_word' id='word_1_34' title='bbox 354 499 387 524; x_wconf 82' lang='lat' dir='ltr'>et</span> <span class='ocrx_word' id='word_1_35' title='bbox 401 494 548 524; x_wconf 87' lang='lat' dir='ltr'>sancitor</span> <span class='ocrx_word' id='word_1_36' title='bbox 561 491 726 523; x_wconf 74' lang='lat' dir='ltr'>foederum</span> 
     </span>
     <span class='ocr_line' id='line_1_8' title="bbox 30 543 414 585; baseline -0.008 -8"><span class='ocrx_word' id='word_1_37' title='bbox 30 546 279 585; x_wconf 84' lang='lat' dir='ltr'>conjugialiam.</span> <span class='ocrx_word' id='word_1_38' title='bbox 299 543 414 575; x_wconf 78' lang='lat' dir='ltr'>Barth.</span> 
     </span>
    </p>

    <p class='ocr_par' dir='ltr' id='par_1_3' title="bbox 27 593 730 1183">
     <span class='ocr_line' id='line_1_9' title="bbox 70 593 727 634; baseline -0.006 -9"><span class='ocrx_word' id='word_1_39' title='bbox 70 596 168 626; x_wconf 81' lang='lat' dir='ltr'>Posce</span> <span class='ocrx_word' id='word_1_40' title='bbox 195 594 319 633; x_wconf 76' lang='lat' dir='ltr'>Jovem]</span> <span class='ocrx_word' id='word_1_41' title='bbox 357 594 432 624; x_wconf 86' lang='lat' dir='ltr'>Mos</span> <span class='ocrx_word' id='word_1_42' title='bbox 461 593 552 634; x_wconf 89' lang='lat' dir='ltr'>prius</span> <span class='ocrx_word' id='word_1_43' title='bbox 587 601 727 623; x_wconf 81' lang='lat' dir='ltr'>uxorem</span> 
     </span>
     <span class='ocr_line' id='line_1_10' title="bbox 29 643 728 687; baseline -0.006 -10"><span class='ocrx_word' id='word_1_44' title='bbox 29 651 160 687; x_wconf 87' lang='lat' dir='ltr'>petere,</span> <span class='ocrx_word' id='word_1_45' title='bbox 176 656 273 686; x_wconf 87' lang='lat' dir='ltr'>quam</span> <span class='ocrx_word' id='word_1_46' title='bbox 291 646 426 676; x_wconf 88' lang='lat' dir='ltr'>(lucere.</span> <span class='ocrx_word' id='word_1_47' title='bbox 444 649 560 675; x_wconf 89' lang='lat' dir='ltr'>noster</span> <span class='ocrx_word' id='word_1_48' title='bbox 576 644 609 674; x_wconf 93' lang='lat' dir='ltr'>in</span> <span class='ocrx_word' id='word_1_49' title='bbox 627 643 728 683; x_wconf 85' lang='lat' dir='ltr'><strong>epist.</strong></span> 
     </span>
     <span class='ocr_line' id='line_1_11' title="bbox 27 694 730 733; baseline -0.006 -6"><span class='ocrx_word' id='word_1_50' title='bbox 27 696 68 727; x_wconf 83' lang='lat' dir='ltr'>ad</span> <span class='ocrx_word' id='word_1_51' title='bbox 97 697 271 727; x_wconf 75' lang='lat' dir='ltr'>Serenam.</span> <span class='ocrx_word' id='word_1_52' title='bbox 315 695 432 726; x_wconf 83' lang='lat' dir='ltr'><strong>Sidon.</strong></span> <span class='ocrx_word' id='word_1_53' title='bbox 459 695 516 725; x_wconf 89' lang='lat' dir='ltr'>lib.</span> <span class='ocrx_word' id='word_1_54' title='bbox 532 703 599 724; x_wconf 79' lang='lat' dir='ltr'>vn.</span> <span class='ocrx_word' id='word_1_55' title='bbox 618 694 682 733; x_wconf 87' lang='lat' dir='ltr'>Ep.</span> <span class='ocrx_word' id='word_1_56' title='bbox 698 695 730 723; x_wconf 84' lang='grc'>2.</span> 
     </span>
     <span class='ocr_line' id='line_1_12' title="bbox 27 745 727 785; baseline -0.004 -9"><span class='ocrx_word' id='word_1_57' title='bbox 27 749 35 763; x_wconf 91' lang='lat'>‘</span> <span class='ocrx_word' id='word_1_58' title='bbox 55 746 248 777; x_wconf 77' lang='lat' dir='ltr'>adolescens</span> <span class='ocrx_word' id='word_1_59' title='bbox 274 755 411 775; x_wconf 79' lang='lat' dir='ltr'>uxorem</span> <span class='ocrx_word' id='word_1_60' title='bbox 429 745 530 785; x_wconf 89' lang='lat' dir='ltr'>petit,</span> <span class='ocrx_word' id='word_1_61' title='bbox 544 745 727 784; x_wconf 83' lang='lat' dir='ltr'>impetrat3</span> 
     </span>
     <span class='ocr_line' id='line_1_13' title="bbox 28 794 730 835; baseline -0.004 -8"><span class='ocrx_word' id='word_1_62' title='bbox 28 795 286 827; x_wconf 77' lang='lat' dir='ltr'>conscribuntur</span> <span class='ocrx_word' id='word_1_63' title='bbox 302 795 424 826; x_wconf 79' lang='lat' dir='ltr'>tabuloe</span> <span class='ocrx_word' id='word_1_64' title='bbox 442 794 634 835; x_wconf 67' lang='lat' dir='ltr'>nuptiales!</span> <span class='ocrx_word' id='word_1_65' title='bbox 658 794 730 824; x_wconf 86' lang='lat' dir='ltr'>Me-</span> 
     </span>
     <span class='ocr_line' id='line_1_14' title="bbox 33 843 727 884; baseline -0.004 -8"><span class='ocrx_word' id='word_1_66' title='bbox 33 852 111 877; x_wconf 88' lang='lat' dir='ltr'>tam.</span> <span class='ocrx_word' id='word_1_67' title='bbox 129 855 153 876; x_wconf 86' lang='lat'>1.</span> <span class='ocrx_word' id='word_1_68' title='bbox 172 845 289 876; x_wconf 82' lang='lat' dir='ltr'>Fabul.</span> <span class='ocrx_word' id='word_1_69' title='bbox 305 848 335 876; x_wconf 81' lang='lat'>9.</span> <span class='ocrx_word' id='word_1_70' title='bbox 354 845 478 876; x_wconf 82' lang='lat' dir='ltr'>Catull.</span> <span class='ocrx_word' id='word_1_71' title='bbox 497 845 560 884; x_wconf 82' lang='lat' dir='ltr'>Ep.</span> <span class='ocrx_word' id='word_1_72' title='bbox 579 846 629 874; x_wconf 76' lang='lat'>68.</span> <span class='ocrx_word' id='word_1_73' title='bbox 646 843 727 873; x_wconf 86' lang='lat' dir='ltr'>Isid.</span> 
     </span>
     <span class='ocr_line' id='line_1_15' title="bbox 30 891 726 934; baseline -0.004 -8"><span class='ocrx_word' id='word_1_74' title='bbox 30 904 80 926; x_wconf 79' lang='lat' dir='ltr'>lx.</span> <span class='ocrx_word' id='word_1_75' title='bbox 111 898 140 926; x_wconf 86' lang='lat'>8.</span> <span class='ocrx_word' id='word_1_76' title='bbox 163 896 172 912; x_wconf 91' lang='lat'>‘</span> <span class='ocrx_word' id='word_1_77' title='bbox 189 895 298 934; x_wconf 84' lang='lat' dir='ltr'>proci,</span> <span class='ocrx_word' id='word_1_78' title='bbox 323 894 515 933; x_wconf 84' lang='lat' dir='ltr'>nuptiarum</span> <span class='ocrx_word' id='word_1_79' title='bbox 540 891 726 932; x_wconf 63' lang='lat' dir='ltr'>petitores!</span> 
     </span>
     <span class='ocr_line' id='line_1_16' title="bbox 28 941 728 982; baseline -0.006 -8"><span class='ocrx_word' id='word_1_80' title='bbox 28 945 50 974; x_wconf 91' lang='lat' dir='ltr'>l.</span> <span class='ocrx_word' id='word_1_81' title='bbox 71 945 158 974; x_wconf 89' lang='lat' dir='ltr'>unic.</span> <span class='ocrx_word' id='word_1_82' title='bbox 177 945 214 974; x_wconf 80' lang='lat' dir='ltr'>C.</span> <span class='ocrx_word' id='word_1_83' title='bbox 227 942 353 973; x_wconf 84' lang='lat' dir='ltr'>Theod.</span> <span class='ocrx_word' id='word_1_84' title='bbox 387 944 395 958; x_wconf 95' lang='lat'>‘</span> <span class='ocrx_word' id='word_1_85' title='bbox 411 943 437 972; x_wconf 92' lang='lat' dir='ltr'>si</span> <span class='ocrx_word' id='word_1_86' title='bbox 455 942 528 982; x_wconf 83' lang='lat' dir='ltr'>quis</span> <span class='ocrx_word' id='word_1_87' title='bbox 545 951 617 971; x_wconf 87' lang='lat' dir='ltr'>eam</span> <span class='ocrx_word' id='word_1_88' title='bbox 634 941 728 981; x_wconf 87' lang='lat' dir='ltr'>cujus</span> 
     </span>
     <span class='ocr_line' id='line_1_17' title="bbox 29 990 728 1031; baseline -0.006 -7"><span class='ocrx_word' id='word_1_89' title='bbox 29 998 91 1024; x_wconf 84' lang='lat' dir='ltr'>tnt.</span> <span class='ocrx_word' id='word_1_90' title='bbox 128 992 213 1023; x_wconf 85' lang='lat' dir='ltr'>fuer.</span> <span class='ocrx_word' id='word_1_91' title='bbox 251 991 397 1031; x_wconf 88' lang='lat' dir='ltr'>corrup.&#39;</span> <span class='ocrx_word' id='word_1_92' title='bbox 442 991 556 1021; x_wconf 86' lang='lat' dir='ltr'>Plaut.</span> <span class='ocrx_word' id='word_1_93' title='bbox 590 990 728 1021; x_wconf 90' lang='lat' dir='ltr'>Curcul.</span> 
     </span>
     <span class='ocr_line' id='line_1_18' title="bbox 29 1040 729 1074; baseline -0.007 0"><span class='ocrx_word' id='word_1_94' title='bbox 29 1048 96 1074; x_wconf 87' lang='lat' dir='ltr'>act.</span> <span class='ocrx_word' id='word_1_95' title='bbox 116 1052 148 1074; x_wconf 88' lang='lat' dir='ltr'>v.</span> <span class='ocrx_word' id='word_1_96' title='bbox 165 1051 255 1073; x_wconf 83' lang='lat' dir='ltr'>scen.</span> <span class='ocrx_word' id='word_1_97' title='bbox 272 1044 302 1072; x_wconf 81' lang='lat'>2.</span> <span class='ocrx_word' id='word_1_98' title='bbox 320 1040 398 1072; x_wconf 82' lang='lat' dir='ltr'>tine.</span> <span class='ocrx_word' id='word_1_99' title='bbox 423 1045 458 1071; x_wconf 90' lang='lat' dir='ltr'>et</span> <span class='ocrx_word' id='word_1_100' title='bbox 481 1040 558 1071; x_wconf 86' lang='lat' dir='ltr'>Aul.</span> <span class='ocrx_word' id='word_1_101' title='bbox 576 1049 622 1071; x_wconf 86' lang='lat' dir='ltr'>sc.</span> <span class='ocrx_word' id='word_1_102' title='bbox 640 1040 729 1070; x_wconf 80' lang='lat' dir='ltr'>Prae-</span> 
     </span>
     <span class='ocr_line' id='line_1_19' title="bbox 27 1089 729 1132; baseline -0.004 -9"><span class='ocrx_word' id='word_1_103' title='bbox 27 1093 167 1132; x_wconf 68' lang='lat' dir='ltr'>sagitas.-</span> <span class='ocrx_word' id='word_1_104' title='bbox 183 1091 271 1123; x_wconf 92' lang='lat' dir='ltr'>unde</span> <span class='ocrx_word' id='word_1_105' title='bbox 284 1090 460 1122; x_wconf 88' lang='lat' dir='ltr'>formulam</span> <span class='ocrx_word' id='word_1_106' title='bbox 475 1089 615 1130; x_wconf 88' lang='lat' dir='ltr'>petendi</span> <span class='ocrx_word' id='word_1_107' title='bbox 629 1099 729 1130; x_wconf 84' lang='lat' dir='ltr'>spon-</span> 
     </span>
     <span class='ocr_line' id='line_1_20' title="bbox 27 1142 502 1183; baseline -0.004 -10"><span class='ocrx_word' id='word_1_108' title='bbox 27 1142 196 1183; x_wconf 83' lang='lat' dir='ltr'>‹lcndique</span> <span class='ocrx_word' id='word_1_109' title='bbox 213 1142 334 1173; x_wconf 81' lang='lat' dir='ltr'><strong>disces.</strong></span> <span class='ocrx_word' id='word_1_110' title='bbox 359 1142 502 1181; x_wconf 81' lang='lat' dir='ltr'>Dempst.</span> 
     </span>
    </p>

    <p class='ocr_par' dir='ltr' id='par_1_4' title="bbox 26 1190 732 1524">
     <span class='ocr_line' id='line_1_21' title="bbox 76 1190 729 1233; baseline -0.006 -9"><span class='ocrx_word' id='word_1_111' title='bbox 76 1194 139 1224; x_wconf 72' lang='lat' dir='ltr'>Vix</span> <span class='ocrx_word' id='word_1_112' title='bbox 155 1194 205 1224; x_wconf 79' lang='lat' dir='ltr'>ille</span> <span class='ocrx_word' id='word_1_113' title='bbox 225 1193 374 1233; x_wconf 84' lang='lat' dir='ltr'><strong><em>pepercit]</em></strong></span> <span class='ocrx_word' id='word_1_114' title='bbox 407 1191 649 1222; x_wconf 78' lang='lat' dir='ltr'>Scribendum:</span> <span class='ocrx_word' id='word_1_115' title='bbox 674 1190 729 1220; x_wconf 77' lang='lat' dir='ltr'>vix</span> 
     </span>
     <span class='ocr_line' id='line_1_22' title="bbox 27 1241 730 1283; baseline -0.004 -9"><span class='ocrx_word' id='word_1_116' title='bbox 27 1244 100 1274; x_wconf 83' lang='lat' dir='ltr'>illa.-</span> <span class='ocrx_word' id='word_1_117' title='bbox 128 1243 276 1283; x_wconf 78' lang='lat' dir='ltr'>pepercit,</span> <span class='ocrx_word' id='word_1_118' title='bbox 307 1242 498 1282; x_wconf 79' lang='lat' dir='ltr'>Erubuitque</span> <span class='ocrx_word' id='word_1_119' title='bbox 523 1251 637 1282; x_wconf 83' lang='lat' dir='ltr'><strong><em>preces.</em></strong></span> <span class='ocrx_word' id='word_1_120' title='bbox 682 1241 730 1271; x_wconf 84' lang='lat' dir='ltr'>Ut</span> 
     </span>
     <span class='ocr_line' id='line_1_23' title="bbox 26 1290 730 1332; baseline -0.004 -9"><span class='ocrx_word' id='word_1_121' title='bbox 26 1293 156 1324; x_wconf 85' lang='lat' dir='ltr'>subitus</span> <span class='ocrx_word' id='word_1_122' title='bbox 173 1292 306 1332; x_wconf 81' lang='lat' dir='ltr'>tyranni</span> <span class='ocrx_word' id='word_1_123' title='bbox 333 1297 442 1322; x_wconf 89' lang='lat' dir='ltr'>motus</span> <span class='ocrx_word' id='word_1_124' title='bbox 459 1291 499 1321; x_wconf 89' lang='lat' dir='ltr'>ad</span> <span class='ocrx_word' id='word_1_125' title='bbox 520 1291 656 1329; x_wconf 79' lang='lat' dir='ltr'>bell-mi,</span> <span class='ocrx_word' id='word_1_126' title='bbox 683 1290 730 1320; x_wconf 89' lang='lat' dir='ltr'>ita</span> 
     </span>
     <span class='ocr_line' id='line_1_24' title="bbox 27 1339 730 1382; baseline -0.006 -9"><span class='ocrx_word' id='word_1_127' title='bbox 27 1347 60 1374; x_wconf 84' lang='lat' dir='ltr'>et</span> <span class='ocrx_word' id='word_1_128' title='bbox 80 1342 257 1382; x_wconf 83' lang='lat' dir='ltr'>repentina</span> <span class='ocrx_word' id='word_1_129' title='bbox 285 1341 326 1371; x_wconf 92' lang='lat' dir='ltr'>ad</span> <span class='ocrx_word' id='word_1_130' title='bbox 355 1341 494 1371; x_wconf 83' lang='lat' dir='ltr'>meliora</span> <span class='ocrx_word' id='word_1_131' title='bbox 517 1339 657 1371; x_wconf 78' lang='lat' dir='ltr'>consilia</span> <span class='ocrx_word' id='word_1_132' title='bbox 674 1340 730 1370; x_wconf 91' lang='lat' dir='ltr'>ad-</span> 
     </span>
     <span class='ocr_line' id='line_1_25' title="bbox 30 1389 732 1424; baseline -0.007 0"><span class='ocrx_word' id='word_1_133' title='bbox 30 1394 150 1424; x_wconf 81' lang='lat' dir='ltr'>moniti</span> <span class='ocrx_word' id='word_1_134' title='bbox 169 1393 330 1423; x_wconf 84' lang='lat' dir='ltr'>reversio.</span> <span class='ocrx_word' id='word_1_135' title='bbox 380 1392 453 1421; x_wconf 84' lang='lat' dir='ltr'>Hoc</span> <span class='ocrx_word' id='word_1_136' title='bbox 470 1391 555 1421; x_wconf 83' lang='lat' dir='ltr'>velie</span> <span class='ocrx_word' id='word_1_137' title='bbox 573 1389 732 1421; x_wconf 86' lang='lat' dir='ltr'>Claudia·</span> 
     </span>
     <span class='ocr_line' id='line_1_26' title="bbox 30 1439 732 1481; baseline -0.007 -8"><span class='ocrx_word' id='word_1_138' title='bbox 30 1452 109 1473; x_wconf 89' lang='lat' dir='ltr'>num</span> <span class='ocrx_word' id='word_1_139' title='bbox 133 1451 268 1481; x_wconf 85' lang='lat' dir='ltr'>prorsus</span> <span class='ocrx_word' id='word_1_140' title='bbox 286 1440 426 1478; x_wconf 86' lang='lat' dir='ltr'>indicat,</span> <span class='ocrx_word' id='word_1_141' title='bbox 453 1440 540 1480; x_wconf 83' lang='lat' dir='ltr'>quod</span> <span class='ocrx_word' id='word_1_142' title='bbox 569 1439 732 1479; x_wconf 75' lang='lat' dir='ltr'>sequitur,</span> 
     </span>
     <span class='ocr_line' id='line_1_27' title="bbox 27 1488 655 1524; baseline -0.006 -2"><span class='ocrx_word' id='word_1_143' title='bbox 27 1494 35 1508; x_wconf 90' lang='lat'><strong>‘</strong></span> <span class='ocrx_word' id='word_1_144' title='bbox 55 1491 214 1524; x_wconf 77' lang='lat' dir='ltr'>Quamvis</span> <span class='ocrx_word' id='word_1_145' title='bbox 228 1490 381 1520; x_wconf 82' lang='lat' dir='ltr'>indocilis</span> <span class='ocrx_word' id='word_1_146' title='bbox 398 1488 514 1520; x_wconf 86' lang='lat' dir='ltr'>flecti.’</span> <span class='ocrx_word' id='word_1_147' title='bbox 538 1488 655 1519; x_wconf 79' lang='lat' dir='ltr'>Barth.</span> 
     </span>
    </p>

    <p class='ocr_par' dir='ltr' id='par_1_5' title="bbox 27 1537 732 1826">
     <span class='ocr_line' id='line_1_28' title="bbox 78 1537 731 1580; baseline -0.006 -9"><span class='ocrx_word' id='word_1_148' title='bbox 78 1542 140 1572; x_wconf 84' lang='lat' dir='ltr'>Vix</span> <span class='ocrx_word' id='word_1_149' title='bbox 164 1541 215 1570; x_wconf 84' lang='lat' dir='ltr'>ille</span> <span class='ocrx_word' id='word_1_150' title='bbox 233 1539 386 1580; x_wconf 78' lang='lat' dir='ltr'><strong><em>pepercit]</em></strong></span> <span class='ocrx_word' id='word_1_151' title='bbox 416 1539 479 1570; x_wconf 80' lang='lat' dir='ltr'>Vix</span> <span class='ocrx_word' id='word_1_152' title='bbox 501 1539 573 1569; x_wconf 82' lang='lat' dir='ltr'>illa:</span> <span class='ocrx_word' id='word_1_153' title='bbox 593 1537 731 1578; x_wconf 80' lang='lat' dir='ltr'>pepercit</span> 
     </span>
     <span class='ocr_line' id='line_1_29' title="bbox 29 1588 732 1630; baseline -0.009 -7"><span class='ocrx_word' id='word_1_154' title='bbox 29 1591 207 1629; x_wconf 83' lang='lat' dir='ltr'>Barthius;</span> <span class='ocrx_word' id='word_1_155' title='bbox 244 1590 362 1630; x_wconf 85' lang='lat' dir='ltr'>probe.</span> <span class='ocrx_word' id='word_1_156' title='bbox 407 1589 516 1619; x_wconf 89' lang='lat' dir='ltr'>Paulo</span> <span class='ocrx_word' id='word_1_157' title='bbox 548 1593 625 1628; x_wconf 86' lang='lat' dir='ltr'>post</span> <span class='ocrx_word' id='word_1_158' title='bbox 654 1588 732 1618; x_wconf 78' lang='lat' dir='ltr'>bella</span> 
     </span>
     <span class='ocr_line' id='line_1_30' title="bbox 27 1638 730 1682; baseline -0.007 -9"><span class='ocrx_word' id='word_1_159' title='bbox 27 1642 111 1682; x_wconf 82' lang='lat' dir='ltr'>capit</span> <span class='ocrx_word' id='word_1_160' title='bbox 140 1651 201 1681; x_wconf 88' lang='lat' dir='ltr'>pro</span> <span class='ocrx_word' id='word_1_161' title='bbox 222 1640 306 1681; x_wconf 84' lang='lat' dir='ltr'>flare</span> <span class='ocrx_word' id='word_1_162' title='bbox 330 1649 348 1670; x_wconf 90' lang='lat' dir='ltr'>e</span> <span class='ocrx_word' id='word_1_163' title='bbox 380 1638 527 1670; x_wconf 86' lang='lat' dir='ltr'>Clavcrii</span> <span class='ocrx_word' id='word_1_164' title='bbox 556 1638 640 1668; x_wconf 87' lang='lat' dir='ltr'>libro</span> <span class='ocrx_word' id='word_1_165' title='bbox 667 1641 730 1668; x_wconf 81' lang='lat' dir='ltr'>est.</span> 
     </span>
     <span class='ocr_line' id='line_1_31' title="bbox 27 1688 730 1727; baseline -0.01 -3"><span class='ocrx_word' id='word_1_166' title='bbox 27 1693 114 1724; x_wconf 86' lang='lat' dir='ltr'><strong>Stat.</strong></span> <span class='ocrx_word' id='word_1_167' title='bbox 140 1691 245 1721; x_wconf 78' lang='lat' dir='ltr'>Theb.</span> <span class='ocrx_word' id='word_1_168' title='bbox 275 1699 342 1721; x_wconf 68' lang='grc' dir='ltr'>ΧΠ.</span> <span class='ocrx_word' id='word_1_169' title='bbox 364 1690 373 1707; x_wconf 88' lang='lat'>‘</span> <span class='ocrx_word' id='word_1_170' title='bbox 392 1689 482 1719; x_wconf 92' lang='lat' dir='ltr'>Hinc</span> <span class='ocrx_word' id='word_1_171' title='bbox 512 1688 632 1727; x_wconf 70' lang='lat' dir='ltr'>Notus,</span> <span class='ocrx_word' id='word_1_172' title='bbox 654 1688 730 1718; x_wconf 85' lang='lat' dir='ltr'>hinc</span> 
     </span>
     <span class='ocr_line' id='line_1_32' title="bbox 29 1738 730 1781; baseline -0.009 -7"><span class='ocrx_word' id='word_1_173' title='bbox 29 1743 169 1781; x_wconf 80' lang='lat' dir='ltr'>Boreas,</span> <span class='ocrx_word' id='word_1_174' title='bbox 186 1742 261 1772; x_wconf 88' lang='lat' dir='ltr'>hinc</span> <span class='ocrx_word' id='word_1_175' title='bbox 275 1740 380 1771; x_wconf 85' lang='lat' dir='ltr'>fuscis</span> <span class='ocrx_word' id='word_1_176' title='bbox 396 1739 531 1770; x_wconf 81' lang='lat' dir='ltr'>Africus</span> <span class='ocrx_word' id='word_1_177' title='bbox 557 1739 617 1769; x_wconf 88' lang='lat' dir='ltr'>alis</span> <span class='ocrx_word' id='word_1_178' title='bbox 632 1738 730 1769; x_wconf 88' lang='lat' dir='ltr'>Bella</span> 
     </span>
     <span class='ocr_line' id='line_1_33' title="bbox 29 1792 380 1826; baseline -0.011 0"><span class='ocrx_word' id='word_1_179' title='bbox 29 1794 185 1826; x_wconf 80' lang='lat' dir='ltr'>movent.’</span> <span class='ocrx_word' id='word_1_180' title='bbox 208 1793 251 1824; x_wconf 90' lang='lat' dir='ltr'>D.</span> <span class='ocrx_word' id='word_1_181' title='bbox 268 1792 380 1823; x_wconf 81' lang='lat' dir='ltr'>Heius.</span> 
     </span>
    </p>

    <p class='ocr_par' dir='ltr' id='par_1_6' title="bbox 24 1840 732 2036">
     <span class='ocr_line' id='line_1_34' title="bbox 79 1840 732 1882; baseline -0.008 -7"><span class='ocrx_word' id='word_1_182' title='bbox 79 1847 121 1875; x_wconf 88' lang='grc'>68</span> <span class='ocrx_word' id='word_1_183' title='bbox 159 1844 348 1882; x_wconf 68' lang='lat' dir='ltr'>Animusque</span> <span class='ocrx_word' id='word_1_184' title='bbox 373 1840 544 1881; x_wconf 66' lang='lat' dir='ltr'>relanguit]</span> <span class='ocrx_word' id='word_1_185' title='bbox 578 1841 732 1880; x_wconf 76' lang='lat' dir='ltr'>Elauguit</span> 
     </span>
     <span class='ocr_line' id='line_1_35' title="bbox 27 1892 729 1932; baseline -0.007 -6"><span class='ocrx_word' id='word_1_186' title='bbox 27 1895 115 1926; x_wconf 83' lang='lat' dir='ltr'>idem</span> <span class='ocrx_word' id='word_1_187' title='bbox 145 1895 321 1932; x_wconf 86' lang='lat' dir='ltr'>Barthius,</span> <span class='ocrx_word' id='word_1_188' title='bbox 346 1903 388 1924; x_wconf 87' lang='lat' dir='ltr'>ex</span> <span class='ocrx_word' id='word_1_189' title='bbox 418 1893 474 1923; x_wconf 93' lang='lat' dir='ltr'>illo</span> <span class='ocrx_word' id='word_1_190' title='bbox 503 1892 605 1923; x_wconf 88' lang='lat' dir='ltr'>Statii</span> <span class='ocrx_word' id='word_1_191' title='bbox 633 1893 729 1922; x_wconf 89' lang='lat' dir='ltr'>loco:</span> 
     </span>
     <span class='ocr_line' id='line_1_36' title="bbox 24 1941 731 1986; baseline -0.006 -10"><span class='ocrx_word' id='word_1_192' title='bbox 24 1946 34 1963; x_wconf 90' lang='lat'>‘</span> <span class='ocrx_word' id='word_1_193' title='bbox 54 1946 105 1976; x_wconf 87' lang='lat' dir='ltr'>bis</span> <span class='ocrx_word' id='word_1_194' title='bbox 122 1946 256 1986; x_wconf 89' lang='lat' dir='ltr'>paulum</span> <span class='ocrx_word' id='word_1_195' title='bbox 273 1944 367 1975; x_wconf 84' lang='lat' dir='ltr'>furor</span> <span class='ocrx_word' id='word_1_196' title='bbox 380 1944 617 1983; x_wconf 83' lang='lat' dir='ltr'>elanguescere</span> <span class='ocrx_word' id='word_1_197' title='bbox 632 1941 731 1972; x_wconf 84' lang='lat' dir='ltr'>dictis</span> 
     </span>
     <span class='ocr_line' id='line_1_37' title="bbox 32 1993 333 2036; baseline -0.01 -9"><span class='ocrx_word' id='word_1_198' title='bbox 32 1993 213 2036; x_wconf 86' lang='lat' dir='ltr'>Coeperat.’</span> <span class='ocrx_word' id='word_1_199' title='bbox 237 1995 333 2025; x_wconf 83' lang='lat' dir='ltr'><strong><em>Idem.</em></strong></span> 
     </span>
    </p>

    <p class='ocr_par' dir='ltr' id='par_1_7' title="bbox 32 2043 731 2127">
     <span class='ocr_line' id='line_1_38' title="bbox 72 2043 731 2083; baseline -0.003 -8"><span class='ocrx_word' id='word_1_200' title='bbox 72 2047 112 2075; x_wconf 84' lang='grc'>71</span> <span class='ocrx_word' id='word_1_201' title='bbox 139 2043 266 2083; x_wconf 77' lang='lat' dir='ltr'>Getica]</span> <span class='ocrx_word' id='word_1_202' title='bbox 287 2044 403 2074; x_wconf 85' lang='lat' dir='ltr'>Thrax</span> <span class='ocrx_word' id='word_1_203' title='bbox 424 2043 512 2074; x_wconf 89' lang='lat' dir='ltr'>enim</span> <span class='ocrx_word' id='word_1_204' title='bbox 529 2047 649 2074; x_wconf 86' lang='lat' dir='ltr'>ventus</span> <span class='ocrx_word' id='word_1_205' title='bbox 666 2043 731 2073; x_wconf 92' lang='lat' dir='ltr'>Bo-</span> 
     </span>
     <span class='ocr_line' id='line_1_39' title="bbox 32 2095 264 2127; baseline -0.004 -1"><span class='ocrx_word' id='word_1_206' title='bbox 32 2105 118 2127; x_wconf 84' lang='lat' dir='ltr'>reas.</span> <span class='ocrx_word' id='word_1_207' title='bbox 149 2095 264 2125; x_wconf 80' lang='lat' dir='ltr'>Barth.</span> 
     </span>
    </p>

    <p class='ocr_par' dir='ltr' id='par_1_8' title="bbox 30 2145 732 2237">
     <span class='ocr_line' id='line_1_40' title="bbox 74 2145 732 2186; baseline -0.003 -9"><span class='ocrx_word' id='word_1_208' title='bbox 74 2149 116 2177; x_wconf 80' lang='lat'>72</span> <span class='ocrx_word' id='word_1_209' title='bbox 150 2146 243 2177; x_wconf 87' lang='lat' dir='ltr'>Bella</span> <span class='ocrx_word' id='word_1_210' title='bbox 268 2145 367 2186; x_wconf 79' lang='lat' dir='ltr'>cupit]</span> <span class='ocrx_word' id='word_1_211' title='bbox 394 2145 559 2176; x_wconf 88' lang='lat' dir='ltr'>Procellis</span> <span class='ocrx_word' id='word_1_212' title='bbox 587 2148 622 2175; x_wconf 90' lang='lat' dir='ltr'>et</span> <span class='ocrx_word' id='word_1_213' title='bbox 648 2148 732 2176; x_wconf 85' lang='lat' dir='ltr'>tem-</span> 
     </span>
     <span class='ocr_line' id='line_1_41' title="bbox 30 2195 511 2237; baseline -0.004 -10"><span class='ocrx_word' id='word_1_214' title='bbox 30 2196 221 2237; x_wconf 83' lang='lat' dir='ltr'>pestatibus</span> <span class='ocrx_word' id='word_1_215' title='bbox 238 2200 390 2235; x_wconf 83' lang='lat' dir='ltr'>pugnant</span> <span class='ocrx_word' id='word_1_216' title='bbox 409 2195 511 2226; x_wconf 85' lang='lat' dir='ltr'>venti.</span> 
     </span>
    </p>

    <p class='ocr_par' dir='ltr' id='par_1_9' title="bbox 31 2245 732 2328">
     <span class='ocr_line' id='line_1_42' title="bbox 74 2245 732 2286; baseline -0.003 -9"><span class='ocrx_word' id='word_1_217' title='bbox 74 2245 206 2286; x_wconf 81' lang='lat' dir='ltr'>Sonoro]</span> <span class='ocrx_word' id='word_1_218' title='bbox 232 2245 395 2286; x_wconf 83' lang='lat' dir='ltr'>Maronis,</span> <span class='ocrx_word' id='word_1_219' title='bbox 412 2246 421 2263; x_wconf 89' lang='lat'>‘</span> <span class='ocrx_word' id='word_1_220' title='bbox 440 2249 732 2286; x_wconf 85' lang='lat' dir='ltr'>tempestatesque</span> 
     </span>
     <span class='ocr_line' id='line_1_43' title="bbox 31 2296 332 2328; baseline -0.007 0"><span class='ocrx_word' id='word_1_221' title='bbox 31 2296 192 2328; x_wconf 66' lang='lat' dir='ltr'>sonoras!</span> <span class='ocrx_word' id='word_1_222' title='bbox 215 2296 332 2327; x_wconf 77' lang='lat' dir='ltr'>Barth.</span> 
     </span>
    </p>

    <p class='ocr_par' dir='ltr' id='par_1_10' title="bbox 33 2344 733 2526">
     <span class='ocr_line' id='line_1_44' title="bbox 74 2344 733 2386; baseline -0.003 -9"><span class='ocrx_word' id='word_1_223' title='bbox 74 2349 115 2377; x_wconf 80' lang='grc'>73</span> <span class='ocrx_word' id='word_1_224' title='bbox 140 2345 312 2386; x_wconf 83' lang='lat' dir='ltr'>Rapturus]</span> <span class='ocrx_word' id='word_1_225' title='bbox 343 2345 398 2376; x_wconf 87' lang='lat' dir='ltr'>De</span> <span class='ocrx_word' id='word_1_226' title='bbox 414 2345 606 2376; x_wconf 86' lang='lat' dir='ltr'>vehementi</span> <span class='ocrx_word' id='word_1_227' title='bbox 622 2344 733 2375; x_wconf 88' lang='lat' dir='ltr'>turba·</span> 
     </span>
     <span class='ocr_line' id='line_1_45' title="bbox 34 2395 732 2426; baseline 0.001 -1"><span class='ocrx_word' id='word_1_228' title='bbox 34 2396 124 2426; x_wconf 89' lang='lat' dir='ltr'>tione</span> <span class='ocrx_word' id='word_1_229' title='bbox 153 2396 254 2425; x_wconf 89' lang='lat' dir='ltr'>etiam</span> <span class='ocrx_word' id='word_1_230' title='bbox 284 2395 502 2425; x_wconf 85' lang='lat' dir='ltr'>immobilium</span> <span class='ocrx_word' id='word_1_231' title='bbox 534 2404 644 2426; x_wconf 89' lang='lat' dir='ltr'>rerum</span> <span class='ocrx_word' id='word_1_232' title='bbox 670 2395 732 2426; x_wconf 89' lang='lat' dir='ltr'>hoc</span> 
     </span>
     <span class='ocr_line' id='line_1_46' title="bbox 33 2444 731 2483; baseline -0.001 -8"><span class='ocrx_word' id='word_1_233' title='bbox 33 2448 174 2475; x_wconf 87' lang='lat' dir='ltr'>utuntur</span> <span class='ocrx_word' id='word_1_234' title='bbox 187 2444 378 2483; x_wconf 86' lang='lat' dir='ltr'>scriptores.</span> <span class='ocrx_word' id='word_1_235' title='bbox 423 2444 579 2476; x_wconf 89' lang='lat' dir='ltr'>Pertinet</span> <span class='ocrx_word' id='word_1_236' title='bbox 603 2454 643 2475; x_wconf 90' lang='lat' dir='ltr'>ea</span> <span class='ocrx_word' id='word_1_237' title='bbox 666 2454 731 2475; x_wconf 86' lang='lat' dir='ltr'>vox</span> 
     </span>
     <span class='ocr_line' id='line_1_47' title="bbox 34 2493 603 2526; baseline 0.002 -1"><span class='ocrx_word' id='word_1_238' title='bbox 34 2495 132 2525; x_wconf 85' lang='lat' dir='ltr'>simul</span> <span class='ocrx_word' id='word_1_239' title='bbox 149 2498 184 2524; x_wconf 87' lang='lat' dir='ltr'>et</span> <span class='ocrx_word' id='word_1_240' title='bbox 201 2493 241 2523; x_wconf 85' lang='lat' dir='ltr'>ad</span> <span class='ocrx_word' id='word_1_241' title='bbox 258 2494 479 2525; x_wconf 86' lang='lat' dir='ltr'>celeritatem.</span> <span class='ocrx_word' id='word_1_242' title='bbox 504 2495 603 2526; x_wconf 85' lang='lat' dir='ltr'>Idem.</span> 
     </span>
    </p>

    <p class='ocr_par' dir='ltr' id='par_1_11' title="bbox 35 2543 734 2735">
     <span class='ocr_line' id='line_1_48' title="bbox 77 2543 732 2584; baseline -0.002 -9"><span class='ocrx_word' id='word_1_243' title='bbox 77 2547 118 2575; x_wconf 74' lang='lat'>74</span> <span class='ocrx_word' id='word_1_244' title='bbox 162 2543 303 2574; x_wconf 79' lang='lat' dir='ltr'>Vanescit</span> <span class='ocrx_word' id='word_1_245' title='bbox 336 2543 439 2574; x_wconf 84' lang='lat' dir='ltr'>inanis</span> <span class='ocrx_word' id='word_1_246' title='bbox 468 2544 620 2584; x_wconf 82' lang='lat' dir='ltr'>Impetus]</span> <span class='ocrx_word' id='word_1_247' title='bbox 654 2545 732 2575; x_wconf 88' lang='lat' dir='ltr'>Ele-</span> 
     </span>
     <span class='ocr_line' id='line_1_49' title="bbox 36 2593 734 2635; baseline -0.001 -10"><span class='ocrx_word' id='word_1_248' title='bbox 36 2604 117 2635; x_wconf 80' lang='lat' dir='ltr'>gans</span> <span class='ocrx_word' id='word_1_249' title='bbox 150 2593 304 2634; x_wconf 91' lang='lat' dir='ltr'>loquendi</span> <span class='ocrx_word' id='word_1_250' title='bbox 335 2603 450 2634; x_wconf 87' lang='lat' dir='ltr'>genus,</span> <span class='ocrx_word' id='word_1_251' title='bbox 474 2594 565 2635; x_wconf 85' lang='lat' dir='ltr'>qnod</span> <span class='ocrx_word' id='word_1_252' title='bbox 590 2594 734 2634; x_wconf 82' lang='lat' dir='ltr'>gemina-</span> 
     </span>
     <span class='ocr_line' id='line_1_50' title="bbox 37 2643 734 2676; baseline -0.003 0"><span class='ocrx_word' id='word_1_253' title='bbox 37 2647 162 2676; x_wconf 87' lang='lat' dir='ltr'>tionem</span> <span class='ocrx_word' id='word_1_254' title='bbox 186 2644 234 2674; x_wconf 89' lang='lat' dir='ltr'>rei</span> <span class='ocrx_word' id='word_1_255' title='bbox 263 2643 334 2675; x_wconf 89' lang='lat' dir='ltr'>sive</span> <span class='ocrx_word' id='word_1_256' title='bbox 361 2644 596 2674; x_wconf 80' lang='lat' dir='ltr'>Pleonasmum</span> <span class='ocrx_word' id='word_1_257' title='bbox 623 2644 734 2674; x_wconf 87' lang='lat' dir='ltr'>occul-</span> 
     </span>
     <span class='ocr_line' id='line_1_51' title="bbox 35 2693 734 2735; baseline -0.001 -9"><span class='ocrx_word' id='word_1_258' title='bbox 35 2700 104 2726; x_wconf 82' lang='lat' dir='ltr'>tum</span> <span class='ocrx_word' id='word_1_259' title='bbox 116 2695 197 2726; x_wconf 79' lang='lat' dir='ltr'>licet</span> <span class='ocrx_word' id='word_1_260' title='bbox 207 2693 314 2735; x_wconf 81' lang='lat' dir='ltr'>dicas,</span> <span class='ocrx_word' id='word_1_261' title='bbox 323 2694 424 2725; x_wconf 77' lang='lat' dir='ltr'>inanis</span> <span class='ocrx_word' id='word_1_262' title='bbox 432 2694 577 2725; x_wconf 74' lang='lat' dir='ltr'>vanescit.</span> <span class='ocrx_word' id='word_1_263' title='bbox 597 2693 633 2725; x_wconf 89' lang='lat' dir='ltr'>Si</span> <span class='ocrx_word' id='word_1_264' title='bbox 647 2694 734 2726; x_wconf 85' lang='lat' dir='ltr'>enim</span> 
     </span>
    </p>
   </div>
   <div class='ocr_carea' id='block_1_3' title="bbox 1366 137 1476 178">
    <p class='ocr_par' dir='ltr' id='par_1_12' title="bbox 1366 137 1476 178">
     <span class='ocr_line' id='line_1_52' title="bbox 1366 137 1476 178; baseline 0 -1"><span class='ocrx_word' id='word_1_265' title='bbox 1366 137 1476 178; x_wconf 75' lang='lat'>1631</span> 
     </span>
    </p>
   </div>
   <div class='ocr_carea' id='block_1_4' title="bbox 777 236 1488 2730">
    <p class='ocr_par' dir='ltr' id='par_1_13' title="bbox 777 236 1478 329">
     <span class='ocr_line' id='line_1_53' title="bbox 777 236 1478 277; baseline 0.001 -7"><span class='ocrx_word' id='word_1_266' title='bbox 777 240 897 277; x_wconf 78' lang='lat' dir='ltr'>inanis,</span> <span class='ocrx_word' id='word_1_267' title='bbox 911 240 974 269; x_wconf 87' lang='lat' dir='ltr'>hoc</span> <span class='ocrx_word' id='word_1_268' title='bbox 990 242 1054 273; x_wconf 81' lang='lat' dir='ltr'>est,</span> <span class='ocrx_word' id='word_1_269' title='bbox 1066 238 1135 277; x_wconf 79' lang='lat' dir='ltr'>jam</span> <span class='ocrx_word' id='word_1_270' title='bbox 1152 236 1327 276; x_wconf 86' lang='lat' dir='ltr'>evanidus,</span> <span class='ocrx_word' id='word_1_271' title='bbox 1340 239 1410 277; x_wconf 85' lang='lat' dir='ltr'>jam</span> <span class='ocrx_word' id='word_1_272' title='bbox 1426 250 1478 271; x_wconf 86' lang='lat' dir='ltr'>va-</span> 
     </span>
     <span class='ocr_line' id='line_1_54' title="bbox 778 288 1178 329; baseline -0.008 -10"><span class='ocrx_word' id='word_1_273' title='bbox 778 295 895 320; x_wconf 82' lang='lat' dir='ltr'>nuerat</span> <span class='ocrx_word' id='word_1_274' title='bbox 910 288 1055 329; x_wconf 81' lang='lat' dir='ltr'>quidem.</span> <span class='ocrx_word' id='word_1_275' title='bbox 1081 288 1178 317; x_wconf 68' lang='lat' dir='ltr'>Idem.</span> 
     </span>
    </p>

    <p class='ocr_par' dir='ltr' id='par_1_14' title="bbox 820 334 1422 378">
     <span class='ocr_line' id='line_1_55' title="bbox 820 334 1422 378; baseline -0.003 -9"><span class='ocrx_word' id='word_1_276' title='bbox 820 341 859 369; x_wconf 79' lang='lat'>75</span> <span class='ocrx_word' id='word_1_277' title='bbox 888 338 1025 378; x_wconf 80' lang='lat' dir='ltr'>Fracloe]</span> <span class='ocrx_word' id='word_1_278' title='bbox 1054 334 1422 372; x_wconf 73' lang='lat' dir='ltr'>Retusa=‚‹·0ufractae.</span> 
     </span>
    </p>

    <p class='ocr_par' dir='ltr' id='par_1_15' title="bbox 777 386 1481 670">
     <span class='ocr_line' id='line_1_56' title="bbox 821 386 1481 426; baseline 0 -8"><span class='ocrx_word' id='word_1_279' title='bbox 821 391 862 418; x_wconf 77' lang='lat'>76</span> <span class='ocrx_word' id='word_1_280' title='bbox 897 389 985 418; x_wconf 75' lang='lat' dir='ltr'>Maia</span> <span class='ocrx_word' id='word_1_281' title='bbox 1005 386 1162 426; x_wconf 71' lang='lat' dir='ltr'>genitum]</span> <span class='ocrx_word' id='word_1_282' title='bbox 1190 387 1400 417; x_wconf 76' lang='lat' dir='ltr'>Mercurium</span> <span class='ocrx_word' id='word_1_283' title='bbox 1429 397 1481 418; x_wconf 87' lang='lat' dir='ltr'>ac—</span> 
     </span>
     <span class='ocr_line' id='line_1_57' title="bbox 778 437 1480 469; baseline -0.001 0"><span class='ocrx_word' id='word_1_284' title='bbox 778 439 880 469; x_wconf 79' lang='lat' dir='ltr'>cersit</span> <span class='ocrx_word' id='word_1_285' title='bbox 898 438 1090 469; x_wconf 78' lang='lat' dir='ltr'>Oratorem.</span> <span class='ocrx_word' id='word_1_286' title='bbox 1139 437 1327 467; x_wconf 73' lang='lat' dir='ltr'>Mercurius</span> <span class='ocrx_word' id='word_1_287' title='bbox 1354 438 1480 468; x_wconf 76' lang='lat' dir='ltr'>Rheto-</span> 
     </span>
     <span class='ocr_line' id='line_1_58' title="bbox 777 488 1479 525; baseline -0.003 -6"><span class='ocrx_word' id='word_1_288' title='bbox 777 489 871 519; x_wconf 84' lang='lat' dir='ltr'>ricen</span> <span class='ocrx_word' id='word_1_289' title='bbox 897 494 931 519; x_wconf 88' lang='lat' dir='ltr'>et</span> <span class='ocrx_word' id='word_1_290' title='bbox 956 488 1150 518; x_wconf 76' lang='lat' dir='ltr'>Oratoriam</span> <span class='ocrx_word' id='word_1_291' title='bbox 1176 488 1290 517; x_wconf 90' lang='lat' dir='ltr'>docuit</span> <span class='ocrx_word' id='word_1_292' title='bbox 1315 488 1479 525; x_wconf 76' lang='lat' dir='ltr'>homines,</span> 
     </span>
     <span class='ocr_line' id='line_1_59' title="bbox 778 538 1480 578; baseline 0.001 -10"><span class='ocrx_word' id='word_1_293' title='bbox 778 538 851 578; x_wconf 84' lang='lat' dir='ltr'>ejus</span> <span class='ocrx_word' id='word_1_294' title='bbox 879 538 1032 569; x_wconf 82' lang='lat' dir='ltr'>beneficii</span> <span class='ocrx_word' id='word_1_295' title='bbox 1061 548 1141 576; x_wconf 75' lang='lat' dir='ltr'>ergo</span> <span class='ocrx_word' id='word_1_296' title='bbox 1165 538 1295 568; x_wconf 82' lang='lat' dir='ltr'>cultum</span> <span class='ocrx_word' id='word_1_297' title='bbox 1322 538 1480 569; x_wconf 89' lang='lat' dir='ltr'>Divinum</span> 
     </span>
     <span class='ocr_line' id='line_1_60' title="bbox 778 589 1481 629; baseline 0.001 -10"><span class='ocrx_word' id='word_1_298' title='bbox 778 589 934 629; x_wconf 74' lang='lat' dir='ltr'>adeptus,</span> <span class='ocrx_word' id='word_1_299' title='bbox 953 595 988 620; x_wconf 88' lang='lat' dir='ltr'>et</span> <span class='ocrx_word' id='word_1_300' title='bbox 1008 590 1156 620; x_wconf 82' lang='lat' dir='ltr'>Deorum</span> <span class='ocrx_word' id='word_1_301' title='bbox 1172 589 1412 629; x_wconf 79' lang='lat' dir='ltr'>Legatiouibus</span> <span class='ocrx_word' id='word_1_302' title='bbox 1425 589 1481 620; x_wconf 86' lang='lat' dir='ltr'>de-</span> 
     </span>
     <span class='ocr_line' id='line_1_61' title="bbox 780 640 934 670; baseline 0.006 -1"><span class='ocrx_word' id='word_1_303' title='bbox 780 640 934 670; x_wconf 85' lang='lat' dir='ltr'>stinatus.</span> 
     </span>
    </p>

    <p class='ocr_par' dir='ltr' id='par_1_16' title="bbox 779 688 1483 772">
     <span class='ocr_line' id='line_1_62' title="bbox 824 688 1483 729; baseline 0.002 -10"><span class='ocrx_word' id='word_1_304' title='bbox 824 690 958 720; x_wconf 75' lang='lat' dir='ltr'>Fervida</span> <span class='ocrx_word' id='word_1_305' title='bbox 982 689 1081 729; x_wconf 80' lang='lat' dir='ltr'>dicta]</span> <span class='ocrx_word' id='word_1_306' title='bbox 1105 690 1226 722; x_wconf 81' lang='lat' dir='ltr'>Qualia</span> <span class='ocrx_word' id='word_1_307' title='bbox 1251 688 1387 721; x_wconf 83' lang='lat' dir='ltr'>ferebat</span> <span class='ocrx_word' id='word_1_308' title='bbox 1415 690 1483 721; x_wconf 89' lang='lat' dir='ltr'>ani-</span> 
     </span>
     <span class='ocr_line' id='line_1_63' title="bbox 779 740 1241 772; baseline 0.002 -2"><span class='ocrx_word' id='word_1_309' title='bbox 779 750 852 770; x_wconf 88' lang='lat' dir='ltr'>mus</span> <span class='ocrx_word' id='word_1_310' title='bbox 870 740 917 770; x_wconf 88' lang='lat' dir='ltr'>ira</span> <span class='ocrx_word' id='word_1_311' title='bbox 935 740 1101 772; x_wconf 86' lang='lat' dir='ltr'>turbidus.</span> <span class='ocrx_word' id='word_1_312' title='bbox 1128 741 1241 771; x_wconf 79' lang='lat' dir='ltr'>Barth.</span> 
     </span>
    </p>

    <p class='ocr_par' dir='ltr' id='par_1_17' title="bbox 778 790 1484 976">
     <span class='ocr_line' id='line_1_64' title="bbox 822 790 1480 831; baseline 0.002 -11"><span class='ocrx_word' id='word_1_313' title='bbox 822 793 861 820; x_wconf 81' lang='grc'>77</span> <span class='ocrx_word' id='word_1_314' title='bbox 910 790 1079 831; x_wconf 77' lang='lat' dir='ltr'>Cyllenius]</span> <span class='ocrx_word' id='word_1_315' title='bbox 1124 791 1242 821; x_wconf 85' lang='lat' dir='ltr'>Vibius</span> <span class='ocrx_word' id='word_1_316' title='bbox 1276 790 1480 831; x_wconf 82' lang='lat' dir='ltr'>Sequester:</span> 
     </span>
     <span class='ocr_line' id='line_1_65' title="bbox 779 840 1484 881; baseline 0.001 -11"><span class='ocrx_word' id='word_1_317' title='bbox 779 841 788 857; x_wconf 79' lang='lat'><strong><em>⁴</em></strong></span> <span class='ocrx_word' id='word_1_318' title='bbox 805 840 959 880; x_wconf 77' lang='lat' dir='ltr'>Cyllene,</span> <span class='ocrx_word' id='word_1_319' title='bbox 977 851 1070 871; x_wconf 90' lang='lat' dir='ltr'>mons</span> <span class='ocrx_word' id='word_1_320' title='bbox 1085 840 1267 879; x_wconf 80' lang='lat' dir='ltr'>Arcadiae;</span> <span class='ocrx_word' id='word_1_321' title='bbox 1293 841 1382 871; x_wconf 87' lang='lat' dir='ltr'>unde</span> <span class='ocrx_word' id='word_1_322' title='bbox 1406 841 1484 881; x_wconf 83' lang='lat' dir='ltr'>Cyl-</span> 
     </span>
     <span class='ocr_line' id='line_1_66' title="bbox 778 890 1481 922; baseline 0.004 -3"><span class='ocrx_word' id='word_1_323' title='bbox 778 890 887 920; x_wconf 85' lang='lat' dir='ltr'>lenius</span> <span class='ocrx_word' id='word_1_324' title='bbox 912 890 1127 921; x_wconf 66' lang='lat' dir='ltr'>Memmius!</span> <span class='ocrx_word' id='word_1_325' title='bbox 1173 892 1272 922; x_wconf 88' lang='lat' dir='ltr'>Mons</span> <span class='ocrx_word' id='word_1_326' title='bbox 1289 897 1401 922; x_wconf 75' lang='lat' dir='ltr'>autem</span> <span class='ocrx_word' id='word_1_327' title='bbox 1426 891 1481 922; x_wconf 85' lang='lat' dir='ltr'>ille</span> 
     </span>
     <span class='ocr_line' id='line_1_67' title="bbox 780 939 1288 976; baseline 0.004 -7"><span class='ocrx_word' id='word_1_328' title='bbox 780 939 975 976; x_wconf 78' lang='lat' dir='ltr'>altissimus,</span> <span class='ocrx_word' id='word_1_329' title='bbox 991 940 1165 971; x_wconf 85' lang='lat' dir='ltr'>Mercurio</span> <span class='ocrx_word' id='word_1_330' title='bbox 1181 951 1288 972; x_wconf 89' lang='lat' dir='ltr'>sacer.</span> 
     </span>
    </p>

    <p class='ocr_par' dir='ltr' id='par_1_18' title="bbox 778 989 1482 1079">
     <span class='ocr_line' id='line_1_68' title="bbox 820 989 1482 1030; baseline 0.003 -10"><span class='ocrx_word' id='word_1_331' title='bbox 820 989 972 1028; x_wconf 79' lang='lat' dir='ltr'>Adstitit]</span> <span class='ocrx_word' id='word_1_332' title='bbox 1008 989 1062 1020; x_wconf 89' lang='lat' dir='ltr'>Ad</span> <span class='ocrx_word' id='word_1_333' title='bbox 1090 995 1266 1030; x_wconf 84' lang='lat' dir='ltr'>repentem</span> <span class='ocrx_word' id='word_1_334' title='bbox 1299 991 1482 1022; x_wconf 87' lang='lat' dir='ltr'>adventum</span> 
     </span>
     <span class='ocr_line' id='line_1_69' title="bbox 778 1039 944 1079; baseline 0.006 -10"><span class='ocrx_word' id='word_1_335' title='bbox 778 1039 944 1079; x_wconf 85' lang='lat' dir='ltr'>intellige.</span> 
     </span>
    </p>

    <p class='ocr_par' dir='ltr' id='par_1_19' title="bbox 779 1088 1485 1221">
     <span class='ocr_line' id='line_1_70' title="bbox 820 1088 1483 1129; baseline 0 -10"><span class='ocrx_word' id='word_1_336' title='bbox 820 1089 910 1129; x_wconf 81' lang='lat' dir='ltr'>Ales]</span> <span class='ocrx_word' id='word_1_337' title='bbox 928 1088 1003 1120; x_wconf 91' lang='lat' dir='ltr'>Hoc</span> <span class='ocrx_word' id='word_1_338' title='bbox 1016 1092 1188 1127; x_wconf 85' lang='lat' dir='ltr'>censetur,</span> <span class='ocrx_word' id='word_1_339' title='bbox 1204 1089 1246 1120; x_wconf 91' lang='lat' dir='ltr'>ob</span> <span class='ocrx_word' id='word_1_340' title='bbox 1264 1090 1334 1119; x_wconf 87' lang='lat' dir='ltr'>alas</span> <span class='ocrx_word' id='word_1_341' title='bbox 1351 1089 1483 1120; x_wconf 83' lang='lat' dir='ltr'>additas</span> 
     </span>
     <span class='ocr_line' id='line_1_71' title="bbox 779 1139 1485 1180; baseline -0.001 -10"><span class='ocrx_word' id='word_1_342' title='bbox 779 1140 894 1179; x_wconf 84' lang='lat' dir='ltr'>galero</span> <span class='ocrx_word' id='word_1_343' title='bbox 918 1144 953 1171; x_wconf 92' lang='lat' dir='ltr'>et</span> <span class='ocrx_word' id='word_1_344' title='bbox 968 1139 1125 1180; x_wconf 86' lang='lat' dir='ltr'>pedibus,</span> <span class='ocrx_word' id='word_1_345' title='bbox 1143 1139 1334 1170; x_wconf 84' lang='lat' dir='ltr'>Mercurius</span> <span class='ocrx_word' id='word_1_346' title='bbox 1348 1139 1485 1180; x_wconf 83' lang='lat' dir='ltr'>saepius.</span> 
     </span>
     <span class='ocr_line' id='line_1_72' title="bbox 780 1191 896 1221; baseline 0.009 -1"><span class='ocrx_word' id='word_1_347' title='bbox 780 1191 896 1221; x_wconf 82' lang='lat' dir='ltr'>Barth.</span> 
     </span>
    </p>

    <p class='ocr_par' dir='ltr' id='par_1_20' title="bbox 780 1239 1485 1471">
     <span class='ocr_line' id='line_1_73' title="bbox 822 1239 1485 1279; baseline -0.002 -9"><span class='ocrx_word' id='word_1_348' title='bbox 822 1243 863 1271; x_wconf 89' lang='grc'>78</span> <span class='ocrx_word' id='word_1_349' title='bbox 901 1239 1123 1279; x_wconf 78' lang='lat' dir='ltr'>Somniferam]</span> <span class='ocrx_word' id='word_1_350' title='bbox 1162 1240 1344 1276; x_wconf 80' lang='lat' dir='ltr'>Homerus,</span> <span class='ocrx_word' id='word_1_351' title='bbox 1376 1239 1415 1269; x_wconf 90' lang='lat' dir='ltr'>Il.</span> <span class='ocrx_word' id='word_1_352' title='bbox 1446 1243 1485 1270; x_wconf 82' lang='grc' dir='ltr'>Ω..</span> 
     </span>
     <span class='ocr_line' id='line_1_74' title="bbox 780 1289 1485 1330; baseline 0 -10"><span class='ocrx_word' id='word_1_353' title='bbox 780 1290 958 1330; x_wconf 86' lang='lat' dir='ltr'>Papinius,</span> <span class='ocrx_word' id='word_1_354' title='bbox 980 1289 1144 1321; x_wconf 82' lang='lat' dir='ltr'>Thebaid.</span> <span class='ocrx_word' id='word_1_355' title='bbox 1169 1298 1191 1320; x_wconf 83' lang='lat'>1.</span> <span class='ocrx_word' id='word_1_356' title='bbox 1216 1292 1224 1306; x_wconf 89' lang='lat'>‘</span> <span class='ocrx_word' id='word_1_357' title='bbox 1241 1290 1324 1319; x_wconf 84' lang='lat' dir='ltr'>Tum</span> <span class='ocrx_word' id='word_1_358' title='bbox 1352 1290 1485 1320; x_wconf 82' lang='lat' dir='ltr'>dextrae</span> 
     </span>
     <span class='ocr_line' id='line_1_75' title="bbox 781 1339 1485 1380; baseline 0.001 -11"><span class='ocrx_word' id='word_1_359' title='bbox 781 1339 910 1380; x_wconf 87' lang='lat' dir='ltr'>virgam</span> <span class='ocrx_word' id='word_1_360' title='bbox 938 1340 1092 1377; x_wconf 84' lang='lat' dir='ltr'>inseruit,</span> <span class='ocrx_word' id='word_1_361' title='bbox 1120 1349 1185 1379; x_wconf 86' lang='lat' dir='ltr'>qua</span> <span class='ocrx_word' id='word_1_362' title='bbox 1210 1340 1338 1379; x_wconf 87' lang='lat' dir='ltr'>pellere</span> <span class='ocrx_word' id='word_1_363' title='bbox 1369 1340 1485 1371; x_wconf 88' lang='lat' dir='ltr'>dulces</span> 
     </span>
     <span class='ocr_line' id='line_1_76' title="bbox 782 1388 1484 1429; baseline 0.001 -9"><span class='ocrx_word' id='word_1_364' title='bbox 782 1389 851 1420; x_wconf 83' lang='lat' dir='ltr'>Aut</span> <span class='ocrx_word' id='word_1_365' title='bbox 890 1388 1031 1420; x_wconf 80' lang='lat' dir='ltr'>suadere</span> <span class='ocrx_word' id='word_1_366' title='bbox 1070 1389 1193 1420; x_wconf 89' lang='lat' dir='ltr'>iterum</span> <span class='ocrx_word' id='word_1_367' title='bbox 1232 1390 1386 1429; x_wconf 81' lang='lat' dir='ltr'>somnos‚&#39;</span> <span class='ocrx_word' id='word_1_368' title='bbox 1419 1392 1484 1421; x_wconf 71' lang='lat' dir='ltr'>&amp;c-</span> 
     </span>
     <span class='ocr_line' id='line_1_77' title="bbox 782 1440 880 1471; baseline 0.01 -1"><span class='ocrx_word' id='word_1_369' title='bbox 782 1440 880 1471; x_wconf 80' lang='lat' dir='ltr'>Idem.</span> 
     </span>
    </p>

    <p class='ocr_par' dir='ltr' id='par_1_21' title="bbox 781 1489 1485 1680">
     <span class='ocr_line' id='line_1_78' title="bbox 827 1489 1484 1529; baseline 0 -10"><span class='ocrx_word' id='word_1_370' title='bbox 827 1490 992 1529; x_wconf 82' lang='lat' dir='ltr'>Tectusque</span> <span class='ocrx_word' id='word_1_371' title='bbox 1004 1489 1126 1528; x_wconf 79' lang='lat' dir='ltr'>galero]</span> <span class='ocrx_word' id='word_1_372' title='bbox 1151 1489 1316 1519; x_wconf 75' lang='lat' dir='ltr'>Mercurii</span> <span class='ocrx_word' id='word_1_373' title='bbox 1331 1493 1484 1528; x_wconf 84' lang='lat' dir='ltr'>petasum</span> 
     </span>
     <span class='ocr_line' id='line_1_79' title="bbox 781 1539 1485 1579; baseline 0.001 -10"><span class='ocrx_word' id='word_1_374' title='bbox 781 1540 945 1578; x_wconf 78' lang='lat' dir='ltr'>intellige,</span> <span class='ocrx_word' id='word_1_375' title='bbox 961 1549 1026 1579; x_wconf 85' lang='lat' dir='ltr'>quo</span> <span class='ocrx_word' id='word_1_376' title='bbox 1042 1539 1129 1569; x_wconf 87' lang='lat' dir='ltr'>Solis</span> <span class='ocrx_word' id='word_1_377' title='bbox 1156 1545 1189 1569; x_wconf 86' lang='lat' dir='ltr'>et</span> <span class='ocrx_word' id='word_1_378' title='bbox 1215 1540 1363 1569; x_wconf 77' lang='lat' dir='ltr'>siderum</span> <span class='ocrx_word' id='word_1_379' title='bbox 1387 1540 1485 1570; x_wconf 87' lang='lat' dir='ltr'>ardo-</span> 
     </span>
     <span class='ocr_line' id='line_1_80' title="bbox 781 1588 1485 1630; baseline -0.001 -9"><span class='ocrx_word' id='word_1_380' title='bbox 781 1599 852 1621; x_wconf 89' lang='lat' dir='ltr'>rem</span> <span class='ocrx_word' id='word_1_381' title='bbox 869 1588 1035 1629; x_wconf 83' lang='lat' dir='ltr'>defendit,</span> <span class='ocrx_word' id='word_1_382' title='bbox 1051 1590 1130 1620; x_wconf 90' lang='lat' dir='ltr'>dum</span> <span class='ocrx_word' id='word_1_383' title='bbox 1154 1599 1215 1629; x_wconf 89' lang='lat' dir='ltr'>per</span> <span class='ocrx_word' id='word_1_384' title='bbox 1231 1590 1312 1620; x_wconf 82' lang='lat' dir='ltr'>ae&#39;ra</span> <span class='ocrx_word' id='word_1_385' title='bbox 1329 1599 1485 1630; x_wconf 78' lang='lat' dir='ltr'>magnum</span> 
     </span>
     <span class='ocr_line' id='line_1_81' title="bbox 781 1639 1084 1680; baseline -0.003 -10"><span class='ocrx_word' id='word_1_386' title='bbox 781 1639 934 1680; x_wconf 86' lang='lat' dir='ltr'>remigat.</span> <span class='ocrx_word' id='word_1_387' title='bbox 961 1639 1084 1669; x_wconf 80' lang='lat' dir='ltr'>Claver.</span> 
     </span>
    </p>

    <p class='ocr_par' dir='ltr' id='par_1_22' title="bbox 782 1688 1487 1831">
     <span class='ocr_line' id='line_1_82' title="bbox 823 1688 1487 1728; baseline -0.003 -8"><span class='ocrx_word' id='word_1_388' title='bbox 823 1693 866 1720; x_wconf 86' lang='grc'>79</span> <span class='ocrx_word' id='word_1_389' title='bbox 890 1688 1088 1727; x_wconf 75' lang='lat' dir='ltr'>Rudz&#39;faltas</span> <span class='ocrx_word' id='word_1_390' title='bbox 1108 1689 1195 1727; x_wconf 81' lang='lat' dir='ltr'>solio,</span> <span class='ocrx_word' id='word_1_391' title='bbox 1222 1689 1384 1728; x_wconf 78' lang='lat' dir='ltr'>nigraque]</span> <span class='ocrx_word' id='word_1_392' title='bbox 1410 1689 1487 1719; x_wconf 89' lang='lat' dir='ltr'>Pic-</span> 
     </span>
     <span class='ocr_line' id='line_1_83' title="bbox 782 1738 1487 1780; baseline -0.004 -9"><span class='ocrx_word' id='word_1_393' title='bbox 782 1744 890 1771; x_wconf 90' lang='lat' dir='ltr'>turam</span> <span class='ocrx_word' id='word_1_394' title='bbox 902 1739 1057 1770; x_wconf 89' lang='lat' dir='ltr'>Plutonis</span> <span class='ocrx_word' id='word_1_395' title='bbox 1071 1738 1291 1780; x_wconf 79' lang='lat' dir='ltr'>spectandam</span> <span class='ocrx_word' id='word_1_396' title='bbox 1305 1740 1398 1769; x_wconf 86' lang='lat' dir='ltr'>velut</span> <span class='ocrx_word' id='word_1_397' title='bbox 1411 1748 1487 1778; x_wconf 88' lang='lat' dir='ltr'>pro-</span> 
     </span>
     <span class='ocr_line' id='line_1_84' title="bbox 782 1790 889 1831; baseline 0 -10"><span class='ocrx_word' id='word_1_398' title='bbox 782 1790 889 1831; x_wconf 88' lang='lat' dir='ltr'>ponit.</span> 
     </span>
    </p>

    <p class='ocr_par' dir='ltr' id='par_1_23' title="bbox 782 1838 1487 1930">
     <span class='ocr_line' id='line_1_85' title="bbox 825 1838 1487 1879; baseline -0.002 -9"><span class='ocrx_word' id='word_1_399' title='bbox 825 1840 931 1879; x_wconf 85' lang='lat' dir='ltr'>Nigra</span> <span class='ocrx_word' id='word_1_400' title='bbox 943 1839 1126 1879; x_wconf 73' lang='lat' dir='ltr'>Maiestate]</span> <span class='ocrx_word' id='word_1_401' title='bbox 1142 1839 1250 1879; x_wconf 86' lang='lat' dir='ltr'>Nigra</span> <span class='ocrx_word' id='word_1_402' title='bbox 1266 1838 1355 1869; x_wconf 90' lang='lat' dir='ltr'>enim</span> <span class='ocrx_word' id='word_1_403' title='bbox 1372 1839 1487 1869; x_wconf 86' lang='lat' dir='ltr'>omnia</span> 
     </span>
     <span class='ocr_line' id='line_1_86' title="bbox 782 1889 1313 1930; baseline -0.004 -9"><span class='ocrx_word' id='word_1_404' title='bbox 782 1890 917 1927; x_wconf 81' lang='lat' dir='ltr'>Mortis,</span> <span class='ocrx_word' id='word_1_405' title='bbox 932 1896 967 1920; x_wconf 91' lang='lat' dir='ltr'>et</span> <span class='ocrx_word' id='word_1_406' title='bbox 984 1890 1099 1929; x_wconf 84' lang='lat' dir='ltr'>nigror</span> <span class='ocrx_word' id='word_1_407' title='bbox 1118 1890 1191 1930; x_wconf 86' lang='lat' dir='ltr'>ejus</span> <span class='ocrx_word' id='word_1_408' title='bbox 1209 1889 1313 1920; x_wconf 91' lang='lat' dir='ltr'>colos.</span> 
     </span>
    </p>

    <p class='ocr_par' dir='ltr' id='par_1_24' title="bbox 830 1939 1355 1980">
     <span class='ocr_line' id='line_1_87' title="bbox 830 1939 1355 1980; baseline -0.006 -9"><span class='ocrx_word' id='word_1_409' title='bbox 830 1940 1000 1980; x_wconf 74' lang='lat' dir='ltr'>Verendus]</span> <span class='ocrx_word' id='word_1_410' title='bbox 1023 1940 1214 1970; x_wconf 86' lang='lat' dir='ltr'>Terribilis.</span> <span class='ocrx_word' id='word_1_411' title='bbox 1239 1939 1355 1970; x_wconf 79' lang='lat' dir='ltr'>Barth.</span> 
     </span>
    </p>

    <p class='ocr_par' dir='ltr' id='par_1_25' title="bbox 783 1989 1486 2080">
     <span class='ocr_line' id='line_1_88' title="bbox 825 1989 1486 2031; baseline -0.005 -9"><span class='ocrx_word' id='word_1_412' title='bbox 825 1994 866 2022; x_wconf 74' lang='lat'>80</span> <span class='ocrx_word' id='word_1_413' title='bbox 890 1990 1072 2031; x_wconf 59' lang='lat' dir='ltr'>Maiestate]</span> <span class='ocrx_word' id='word_1_414' title='bbox 1108 1991 1273 2030; x_wconf 86' lang='lat' dir='ltr'>Majestas</span> <span class='ocrx_word' id='word_1_415' title='bbox 1290 1989 1379 2020; x_wconf 93' lang='lat' dir='ltr'>enim</span> <span class='ocrx_word' id='word_1_416' title='bbox 1397 1998 1486 2030; x_wconf 83' lang='lat' dir='ltr'>quae·</span> 
     </span>
     <span class='ocr_line' id='line_1_89' title="bbox 783 2041 1357 2080; baseline -0.005 -7"><span class='ocrx_word' id='word_1_417' title='bbox 783 2041 858 2073; x_wconf 89' lang='lat' dir='ltr'>dam</span> <span class='ocrx_word' id='word_1_418' title='bbox 874 2051 949 2073; x_wconf 88' lang='lat' dir='ltr'>cum</span> <span class='ocrx_word' id='word_1_419' title='bbox 967 2042 1107 2072; x_wconf 84' lang='lat' dir='ltr'>horrore</span> <span class='ocrx_word' id='word_1_420' title='bbox 1131 2041 1278 2080; x_wconf 73' lang='lat' dir='ltr'>gravitas</span> <span class='ocrx_word' id='word_1_421' title='bbox 1296 2044 1357 2070; x_wconf 74' lang='lat' dir='ltr'>est.</span> 
     </span>
    </p>

    <p class='ocr_par' dir='ltr' id='par_1_26' title="bbox 782 2089 1485 2180">
     <span class='ocr_line' id='line_1_90' title="bbox 826 2089 1485 2131; baseline -0.006 -9"><span class='ocrx_word' id='word_1_422' title='bbox 826 2092 921 2122; x_wconf 78' lang='lat' dir='ltr'><em>Faedo</em></span> <span class='ocrx_word' id='word_1_423' title='bbox 935 2091 1013 2131; x_wconf 79' lang='lat' dir='ltr'>situ]</span> <span class='ocrx_word' id='word_1_424' title='bbox 1038 2091 1115 2122; x_wconf 91' lang='lat' dir='ltr'>Non</span> <span class='ocrx_word' id='word_1_425' title='bbox 1139 2089 1227 2121; x_wconf 90' lang='lat' dir='ltr'>enim</span> <span class='ocrx_word' id='word_1_426' title='bbox 1248 2090 1280 2119; x_wconf 90' lang='lat' dir='ltr'>in</span> <span class='ocrx_word' id='word_1_427' title='bbox 1304 2090 1412 2119; x_wconf 86' lang='lat' dir='ltr'>lucem</span> <span class='ocrx_word' id='word_1_428' title='bbox 1432 2097 1485 2119; x_wconf 88' lang='lat' dir='ltr'>ve-</span> 
     </span>
     <span class='ocr_line' id='line_1_91' title="bbox 782 2138 1388 2180; baseline -0.01 -7"><span class='ocrx_word' id='word_1_429' title='bbox 782 2146 902 2173; x_wconf 87' lang='lat' dir='ltr'>nerant</span> <span class='ocrx_word' id='word_1_430' title='bbox 918 2145 1059 2172; x_wconf 85' lang='lat' dir='ltr'>eatenus</span> <span class='ocrx_word' id='word_1_431' title='bbox 1077 2149 1246 2180; x_wconf 87' lang='lat' dir='ltr'>umquam.</span> <span class='ocrx_word' id='word_1_432' title='bbox 1271 2138 1388 2168; x_wconf 82' lang='lat' dir='ltr'>Barth.</span> 
     </span>
    </p>

    <p class='ocr_par' dir='ltr' id='par_1_27' title="bbox 783 2186 1488 2424">
     <span class='ocr_line' id='line_1_92' title="bbox 825 2186 1486 2228; baseline -0.009 -6"><span class='ocrx_word' id='word_1_433' title='bbox 825 2195 863 2222; x_wconf 86' lang='grc'>81</span> <span class='ocrx_word' id='word_1_434' title='bbox 886 2191 1083 2221; x_wconf 82' lang='lat' dir='ltr'>Moestissima</span> <span class='ocrx_word' id='word_1_435' title='bbox 1095 2189 1186 2220; x_wconf 76' lang='lat' dir='ltr'>nabes</span> <span class='ocrx_word' id='word_1_436' title='bbox 1200 2187 1352 2228; x_wconf 80' lang='lat' dir='ltr'>Asperat]</span> <span class='ocrx_word' id='word_1_437' title='bbox 1375 2186 1486 2227; x_wconf 89' lang='lat' dir='ltr'>Ipsam</span> 
     </span>
     <span class='ocr_line' id='line_1_93' title="bbox 783 2238 1488 2278; baseline -0.01 -5"><span class='ocrx_word' id='word_1_438' title='bbox 783 2247 927 2273; x_wconf 85' lang='lat' dir='ltr'>mortem</span> <span class='ocrx_word' id='word_1_439' title='bbox 963 2240 1161 2272; x_wconf 84' lang='lat' dir='ltr'>describere</span> <span class='ocrx_word' id='word_1_440' title='bbox 1196 2238 1333 2278; x_wconf 84' lang='lat' dir='ltr'>satagit,</span> <span class='ocrx_word' id='word_1_441' title='bbox 1363 2247 1437 2278; x_wconf 79' lang='lat' dir='ltr'>quae</span> <span class='ocrx_word' id='word_1_442' title='bbox 1469 2246 1488 2267; x_wconf 92' lang='lat' dir='ltr'>a</span> 
     </span>
     <span class='ocr_line' id='line_1_94' title="bbox 784 2286 1487 2323; baseline -0.009 0"><span class='ocrx_word' id='word_1_443' title='bbox 784 2293 932 2323; x_wconf 91' lang='lat' dir='ltr'>Plutone</span> <span class='ocrx_word' id='word_1_444' title='bbox 950 2296 1062 2321; x_wconf 87' lang='lat' dir='ltr'>tamen</span> <span class='ocrx_word' id='word_1_445' title='bbox 1079 2289 1168 2320; x_wconf 86' lang='lat' dir='ltr'>aliud</span> <span class='ocrx_word' id='word_1_446' title='bbox 1197 2298 1320 2319; x_wconf 88' lang='lat' dir='ltr'>numen</span> <span class='ocrx_word' id='word_1_447' title='bbox 1341 2286 1487 2318; x_wconf 87' lang='lat' dir='ltr'>habeba-</span> 
     </span>
     <span class='ocr_line' id='line_1_95' title="bbox 783 2337 1486 2382; baseline -0.009 -9"><span class='ocrx_word' id='word_1_448' title='bbox 783 2348 848 2374; x_wconf 89' lang='lat' dir='ltr'>tur.</span> <span class='ocrx_word' id='word_1_449' title='bbox 906 2342 1009 2382; x_wconf 81' lang='lat' dir='ltr'>Cujus</span> <span class='ocrx_word' id='word_1_450' title='bbox 1040 2339 1186 2372; x_wconf 87' lang='lat' dir='ltr'>officium</span> <span class='ocrx_word' id='word_1_451' title='bbox 1217 2343 1292 2369; x_wconf 89' lang='lat' dir='ltr'>erat</span> <span class='ocrx_word' id='word_1_452' title='bbox 1322 2337 1486 2369; x_wconf 82' lang='lat' dir='ltr'>thesauris</span> 
     </span>
     <span class='ocr_line' id='line_1_96' title="bbox 784 2389 1412 2424; baseline -0.008 0"><span class='ocrx_word' id='word_1_453' title='bbox 784 2393 875 2424; x_wconf 83' lang='lat' dir='ltr'>Ditis</span> <span class='ocrx_word' id='word_1_454' title='bbox 892 2396 1041 2422; x_wconf 89' lang='lat' dir='ltr'>mortuos</span> <span class='ocrx_word' id='word_1_455' title='bbox 1058 2391 1291 2421; x_wconf 84' lang='lat' dir='ltr'>adnumerare.</span> <span class='ocrx_word' id='word_1_456' title='bbox 1315 2389 1412 2420; x_wconf 84' lang='lat' dir='ltr'>Idem.</span> 
     </span>
    </p>

    <p class='ocr_par' dir='ltr' id='par_1_28' title="bbox 782 2436 1488 2525">
     <span class='ocr_line' id='line_1_97' title="bbox 826 2436 1488 2482; baseline -0.009 -9"><span class='ocrx_word' id='word_1_457' title='bbox 826 2446 866 2473; x_wconf 80' lang='grc'>82</span> <span class='ocrx_word' id='word_1_458' title='bbox 889 2442 1038 2482; x_wconf 71' lang='lat' dir='ltr'>Asperat]</span> <span class='ocrx_word' id='word_1_459' title='bbox 1064 2439 1263 2471; x_wconf 87' lang='lat' dir='ltr'>Timendum</span> <span class='ocrx_word' id='word_1_460' title='bbox 1279 2438 1373 2478; x_wconf 87' lang='lat' dir='ltr'>facit,</span> <span class='ocrx_word' id='word_1_461' title='bbox 1390 2436 1488 2469; x_wconf 89' lang='lat' dir='ltr'>terri·</span> 
     </span>
     <span class='ocr_line' id='line_1_98' title="bbox 782 2492 876 2525; baseline -0.011 -1"><span class='ocrx_word' id='word_1_462' title='bbox 782 2492 876 2525; x_wconf 85' lang='lat' dir='ltr'>ficat.</span> 
     </span>
    </p>

    <p class='ocr_par' dir='ltr' id='par_1_29' title="bbox 828 2537 1412 2582">
     <span class='ocr_line' id='line_1_99' title="bbox 828 2537 1412 2582; baseline -0.009 -10"><span class='ocrx_word' id='word_1_463' title='bbox 828 2541 939 2582; x_wconf 74' lang='lat' dir='ltr'>Riget]</span> <span class='ocrx_word' id='word_1_464' title='bbox 962 2541 1068 2571; x_wconf 86' lang='lat' dir='ltr'>Velut</span> <span class='ocrx_word' id='word_1_465' title='bbox 1083 2539 1274 2571; x_wconf 89' lang='lat' dir='ltr'>immobilis.</span> <span class='ocrx_word' id='word_1_466' title='bbox 1301 2537 1412 2569; x_wconf 78' lang='lat' dir='ltr'>Barth.</span> 
     </span>
    </p>

    <p class='ocr_par' dir='ltr' id='par_1_30' title="bbox 784 2585 1485 2730">
     <span class='ocr_line' id='line_1_100' title="bbox 827 2585 1485 2630; baseline -0.012 -7"><span class='ocrx_word' id='word_1_467' title='bbox 827 2596 866 2624; x_wconf 83' lang='grc'>83</span> <span class='ocrx_word' id='word_1_468' title='bbox 885 2590 1061 2630; x_wconf 78' lang='lat' dir='ltr'>Terrorem]</span> <span class='ocrx_word' id='word_1_469' title='bbox 1086 2591 1260 2621; x_wconf 85' lang='lat' dir='ltr'>Horrorem</span> <span class='ocrx_word' id='word_1_470' title='bbox 1280 2588 1406 2628; x_wconf 86' lang='lat' dir='ltr'>primus</span> <span class='ocrx_word' id='word_1_471' title='bbox 1423 2585 1485 2615; x_wconf 88' lang='lat' dir='ltr'>Pe-</span> 
     </span>
     <span class='ocr_line' id='line_1_101' title="bbox 785 2637 1484 2683; baseline -0.016 -9"><span class='ocrx_word' id='word_1_472' title='bbox 785 2648 854 2674; x_wconf 88' lang='lat' dir='ltr'>tav.</span> <span class='ocrx_word' id='word_1_473' title='bbox 870 2648 905 2673; x_wconf 88' lang='lat' dir='ltr'>et</span> <span class='ocrx_word' id='word_1_474' title='bbox 921 2642 1057 2683; x_wconf 86' lang='lat' dir='ltr'>quintus</span> <span class='ocrx_word' id='word_1_475' title='bbox 1074 2641 1258 2671; x_wconf 86' lang='lat' dir='ltr'>Vaticanus</span> <span class='ocrx_word' id='word_1_476' title='bbox 1275 2647 1336 2678; x_wconf 89' lang='lat' dir='ltr'>pro</span> <span class='ocrx_word' id='word_1_477' title='bbox 1352 2637 1484 2666; x_wconf 75' lang='lat' dir='ltr'>diversa</span> 
     </span>
     <span class='ocr_line' id='line_1_102' title="bbox 784 2686 1483 2730; baseline -0.016 -6"><span class='ocrx_word' id='word_1_478' title='bbox 784 2693 954 2730; x_wconf 87' lang='lat' dir='ltr'>lectione;</span> <span class='ocrx_word' id='word_1_479' title='bbox 991 2696 1027 2722; x_wconf 84' lang='lat' dir='ltr'>ut</span> <span class='ocrx_word' id='word_1_480' title='bbox 1049 2690 1091 2721; x_wconf 85' lang='lat' dir='ltr'>dc</span> <span class='ocrx_word' id='word_1_481' title='bbox 1116 2689 1233 2721; x_wconf 79' lang='lat' dir='ltr'>formae</span> <span class='ocrx_word' id='word_1_482' title='bbox 1262 2686 1429 2729; x_wconf 82' lang='lat' dir='ltr'>squallore</span> <span class='ocrx_word' id='word_1_483' title='bbox 1447 2688 1483 2713; x_wconf 87' lang='lat' dir='ltr'>ct</span> 
     </span>
    </p>
   </div>
  </div>
 </body>
</html>
