1763 3116
650 126 908 162 EIDYLLIA.

50 243 174 279 nisset,
195 237 368 273 emendat,
391 241 458 274 quae
477 238 545 261 cum
568 229 637 258 cute
661 223 755 255 missa

56 294 172 333 tenaci,
187 291 296 323 Altera
309 283 467 318 succrescit
482 292 491 311 .-
514 277 572 309 sed
597 279 632 307 et
647 274 756 305 crescit

50 345 122 386 jam
151 338 315 382 superiori
343 343 442 365 versu
467 330 703 371 praecesserat,
719 328 757 354 ut

59 394 142 425 ferri
156 393 208 422 luc
223 388 260 419 τὸ
283 384 444 418 succrescit
467 390 532 411 non
559 377 683 419 possm
721 381 757 405 et

59 445 127 476 tela
140 443 212 472 lla‘c
226 443 302 469 cute
327 433 437 465 emitti
460 440 537 461 mox
559 427 757 467 subjunget,

59 499 97 525 ut
115 493 164 523 bis
190 490 276 520 idem
305 483 443 522 dixerit,
460 482 485 510 si
509 483 577 511 cute
598 478 688 508 missa
704 476 759 506 ad-

57 544 249 574 mittamus:
292 534 379 578 quod
404 542 478 564 cum
509 530 642 561 videret
673 528 759 566 ipse,

57 597 186 625 mutatu
217 587 386 621 sententia
416 583 598 614 rescribit:
633 587 759 619 quorum

57 642 205 684 cutefixa
223 639 321 670 tenaci
349 636 429 668 Alba
447 634 525 664 subit
542 631 646 662 radix.
692 628 759 659 Sed

58 705 120 726 cur
138 703 203 724 non
224 692 299 723 Alta
323 685 441 719 radix?
460 687 622 716 Nostram
644 681 759 711 lectio-

58 755 136 776 nem
153 752 251 774 nemo
264 750 363 771 sanus
377 735 563 768 damnabit.
589 735 632 764 D.
650 732 760 762 Hcitw.

105 799 144 826 14
169 794 281 824 Cinctu
297 788 392 828 tices]
431 787 540 817 Tincta
559 794 634 814 cuni
653 783 760 812 Lova-

58 844 167 877 niensi
181 840 414 873 scribendum:
434 842 468 867 et
481 831 762 872 internigrantibus

59 904 126 927 non
143 895 225 924 intus
235 889 443 930 nigrantibus,
456 892 493 916 ut
506 883 762 925 praestantiores

59 948 259 986 agnoscunt.
289 938 415 977 Scripti
434 936 626 975 complures
643 932 764 961 Cuncta

59 996 149 1026 vices.
195 992 330 1032 Opinor
346 989 441 1019 Picta
456 987 547 1017 vices.
572 984 680 1015 Idem.

104 1048 143 1076 15
171 1044 366 1079 Tcnuataqw:
381 1036 514 1076 furtim]
546 1034 690 1069 Sensim,
711 1041 764 1062 oc-

61 1096 165 1134 culte,
202 1097 240 1124 ut
277 1092 475 1121 decrescere
507 1083 763 1126 spissitudinem

61 1147 117 1179 vix
134 1145 272 1176 sentias.
298 1140 413 1172 Barth.

107 1197 146 1228 In
176 1195 284 1225 solida>
310 1190 439 1231 spcciem
471 1185 588 1228 pinnoe]
636 1184 765 1223 Perpe-

64 1257 136 1279 ram
152 1246 252 1285 vulgo
268 1251 401 1284 pugnoe:
423 1249 483 1270 nos
498 1237 643 1277 scriptos
657 1232 766 1265 secuti

64 1306 188 1329 sumus,
213 1295 255 1325 D.
276 1292 385 1323 Heius.

111 1350 151 1378 16
174 1344 277 1376 Laris
294 1344 324 1373 in
345 1336 533 1376 extremum]
570 1336 767 1366 Extremum

68 1406 223 1434 acumen,
250 1391 494 1426 acutissimum,
510 1394 673 1417 summum
691 1395 697 1414 :
732 1386 770 1413 ut

64 1447 196 1480 acutius
213 1445 286 1475 fieri
303 1451 366 1473 uon
386 1439 506 1481 possit.
532 1436 649 1467 Barth.

112 1501 151 1529 18
187 1495 368 1534 Propugnat
384 1489 525 1529 jactibus
554 1484 650 1523 ultro]
683 1483 772 1515 Scri-

66 1547 215 1580 bendum
232 1545 401 1584 oppugnat.
426 1541 470 1570 D.
488 1538 606 1569 Heius.

111 1601 152 1630 19
175 1597 281 1634 Longe
302 1604 357 1624 suu
383 1591 517 1622 membra
542 1587 641 1627 regit]
676 1587 773 1616 Ema-

67 1649 144 1681 cula
160 1649 249 1686 long-e
263 1655 318 1674 sua
332 1642 467 1674 membra
480 1639 570 1679 fvgit.
616 1636 774 1674 Protegit,

69 1699 192 1741 inquit,
222 1706 239 1727 e
270 1694 454 1734 longinquo
485 1698 618 1729 corpu5‚
643 1686 773 1718 emissis

67 1749 200 1782 eminus
228 1743 406 1776 hastilibus
434 1742 503 1771 sive
535 1738 660 1780 jaculis
696 1736 773 1767 suis.

72 1799 188 1833 Barth.

115 1849 180 1881 Sua
216 1845 353 1879 membra
387 1841 485 1881 regit]
528 1840 672 1871 Lucens.
702 1840 774 1876 opt.

72 1901 228 1935 Ambros.
246 1903 282 1929 et
297 1896 353 1927 alii
383 1891 534 1925 nonnulli
553 1890 651 1929 tegit:
684 1887 774 1928 quod

73 1951 216 1984 Barthio
231 1947 355 1980 arrisit.
399 1945 531 1975 Tamen
549 1940 655 1972 infra:
680 1941 688 1956 ‘
702 1948 775 1970 cer-

74 2004 167 2045 tique
179 2001 268 2040 regit
281 1996 459 2029 conamina
471 1991 583 2025 nisus?
609 1992 654 2021 D.
666 1989 776 2020 Heius.

118 2055 158 2084 23
194 2051 375 2081 Macronem
402 2045 543 2076 revberat
565 2041 663 2081 unda]
702 2040 778 2070 Mu·

73 2113 199 2136 tronum
227 2102 370 2132 Lucens.
400 2096 489 2127 forte
514 2095 639 2124 densum
660 2100 780 2121 mucro-

74 2165 150 2187 num
179 2152 334 2184 everberat
374 2149 504 2179 undam:
542 2144 610 2183 vel,
638 2140 780 2182 Terrifici

76 2207 202 2237 densam
256 2198 412 2231 mucronis
460 2194 601 2227 verberat
651 2193 776 2223 undam.

75 2257 185 2289 Idem.

120 2311 160 2338 25
180 2305 365 2343 vibrataque
373 2299 481 2339 rauco]
490 2299 684 2337 Virgalaque
701 2295 783 2326 Bar-

79 2357 186 2389 thius:
209 2354 257 2385 nil
272 2351 481 2384 mutandum.
517 2349 613 2379 Idem.

124 2409 165 2438 26
182 2405 517 2444 Stimulisqneaccensa
534 2397 693 2438 tubarum]
711 2397 746 2428 M
753 2406 784 2427 a·

81 2457 277 2489 ronianum:
316 2453 416 2484 ‘AEre
447 2453 538 2483 ciere
561 2449 664 2488 viros,
692 2448 784 2478 Mar-

83 2513 218 2548 temque
236 2503 423 2536 accendere
439 2504 563 2532 cantu.’
586 2499 702 2531 Barth.

128 2556 272 2589 Stimulis
317 2563 441 2584 accensa
487 2551 645 2591 tubarum]
692 2550 725 2579 M
733 2550 785 2580 ale

83 2609 157 2640 haec
171 2604 481 2645 distinguebantur.
526 2602 609 2632 Mox
634 2599 702 2631 telis
725 2607 785 2640 pro

87 2659 187 2699 signis
203 2667 286 2688 unus
304 2654 434 2685 Medic.
470 2653 513 2683 D.
534 2651 645 2682 Heius.

92 2731 93 2734 =
131 2710 173 2740 29
197 2707 374 2745 Parcasque
395 2703 443 2734 sui
467 2702 576 2742 timor]
598 2700 711 2732 Tumor
735 2699 789 2730 vel

1394 103 1506 149 1703

805 220 878 251 sine
894 217 989 249 libris
1009 212 1190 254 legendum
1217 218 1320 250 snpra
1341 210 1450 249 Epist.
1466 209 1506 240 ad

807 269 1019 302 Hadrianum
1036 263 1160 295 monui.
1196 260 1288 291 Idem.

851 320 1026 357 Parcasque
1049 315 1098 346 sui
1122 311 1252 350 tremor]
1276 307 1318 340 Id
1334 308 1508 347 ingenium

809 371 932 402 babere
948 368 1052 399 ferani
1067 363 1245 405 pra-edicat.
1280 358 1396 390 Barth.

851 424 892 451 32
918 421 1018 450 Error
1033 414 1132 454 abest]
1157 414 1209 444 Ita
1227 410 1364 452 quidem
1382 412 1511 438 testan-

810 477 866 503 tur
881 475 916 502 et
933 467 1124 504 Nemeaei,
1148 469 1183 495 et
1199 461 1379 503 Oppianus
1395 457 1513 489 scribit

810 523 852 553 ob
884 519 1125 552 certitudinem
1157 515 1284 545 ictuum
1314 519 1416 541 canes
1445 517 1513 539 non

811 571 985 604 admoveri
1002 569 1083 600 ferat·
1102 577 1119 597 a
1135 562 1366 596 venatoribus.
1394 559 1492 590 Idem.

855 625 894 654 33
920 622 977 652 Nil
990 620 1090 660 spatio
1103 614 1252 656 fallente]
1276 613 1355 644 Non
1372 609 1514 641 fallente

813 683 961 715 prorsus.
995 672 1092 701 Idem.

856 724 1024 762 Serrulque
1046 723 1180 750 tenorem
1201 716 1294 746 Muta
1310 711 1405 751 cutis]
1428 709 1515 741 Scri-

814 776 857 806 bo
880 774 970 805 Motu
992 772 1094 802 etiam
1123 779 1164 800 ex
1183 767 1402 806 conjectura;
1426 760 1516 802 quod

815 824 1009 856 Oiselianus
1035 831 1054 852 a
1074 828 1175 850 manu
1199 814 1347 848 secunda
1368 814 1516 853 postmo-

814 877 892 907 dum
906 872 1132 906 confirmavit.
1156 868 1281 900 Lucani
1297 867 1353 896 illa
1365 862 1519 904 respexit

814 927 872 957 lib.
890 934 938 956 u.
955 926 963 941 ‘
983 923 1138 954 Gaetulus
1166 919 1278 950 demis
1297 915 1435 956 elephas
1459 921 1518 954 op-

815 984 951 1017 pressus
968 974 1010 1004 ab
1029 972 1128 1003 armis
1151 970 1261 1001 Omne
1278 969 1517 1006 repercussum

815 1024 995 1067 squallenti
1028 1022 1153 1053 missile
1179 1025 1275 1058 tergo
1302 1015 1458 1055 Frangit,
1484 1018 1521 1044 et

814 1078 986 1107 haerentes
1002 1078 1095 1104 mota
1121 1074 1201 1101 cute
1226 1066 1368 1098 discutit
1387 1062 1521 1095 hastas!

815 1127 901 1160 Quae
917 1124 1075 1157 Sidonius
1091 1118 1299 1162 Apollinaris
1312 1121 1522 1147 carm.xx11.

816 1178 863 1209 sic
885 1175 1077 1216 expressit:
1121 1173 1130 1189 ⁴
1147 1171 1236 1212 riget
1262 1166 1397 1208 hispida
1425 1163 1521 1195 dorso

817 1229 886 1259 Vix
913 1227 1039 1258 ferrum
1069 1232 1211 1265 passura
1248 1219 1356 1251 cutis:
1395 1216 1521 1257 quippe

818 1279 975 1320 improba
1004 1280 1136 1308 cratem
1167 1273 1329 1305 Nativam
1356 1278 1421 1299 nec
1453 1267 1524 1298 tela

819 1329 955 1360 forant:
981 1329 1160 1358 contracta
1184 1320 1329 1353 vicissim
1346 1319 1523 1357 Tensaque

821 1384 920 1419 terga
934 1377 1016 1409 feris
1033 1375 1218 1415 crepitant,
1234 1377 1364 1410 usuque
1380 1365 1523 1398 cavendi

821 1430 961 1462 Pellunt
988 1425 1140 1458 excussis
1178 1423 1363 1462 impactum
1399 1416 1525 1448 missile

820 1479 937 1520 rugis!
987 1480 1146 1509 Lucanus
1172 1471 1306 1513 Virgilii
1336 1470 1393 1500 illa
1420 1467 1526 1508 respi-

822 1533 936 1564 ciebat
952 1528 1110 1561 AEneidos
1128 1535 1161 1557 x.
1183 1525 1225 1555 de
1248 1532 1353 1563 apro:
1378 1521 1386 1537 ‘
1406 1519 1527 1550 Denti-

823 1583 884 1614 bus
902 1578 1101 1611 infrendens
1116 1580 1151 1606 et
1175 1580 1271 1614 tergo
1295 1570 1427 1602 decutit
1454 1569 1527 1598 bas·

823 1632 897 1665 tas!
931 1632 976 1662 D.
995 1628 1109 1660 Heius.

866 1687 907 1715 34
940 1681 1096 1721 Doctique
1124 1677 1222 1717 tegit]
1256 1673 1408 1714 Scaliger
1433 1670 1528 1709 regit.

823 1736 942 1767 Visum
967 1731 1130 1764 miraculo
1148 1728 1248 1769 dirigi
1271 1737 1289 1757 a
1315 1724 1404 1756 cutis
1428 1721 1529 1754 certi-

825 1787 944 1820 tudine
961 1785 1019 1816 ait.
1053 1781 1170 1814 Barth.

870 1836 1042 1868 Conamina
1074 1830 1172 1871 visus]
1215 1829 1290 1861 Iino
1328 1827 1414 1857 nisus
1453 1833 1528 1855 cuni

826 1887 965 1928 scriptis
984 1885 1165 1926 plerisque.
1199 1881 1241 1911 D.
1261 1878 1374 1909 Heins.

870 1942 909 1969 35
936 1937 1014 1972 Quis
1029 1933 1114 1965 labor
1136 1928 1301 1968 humanus]
1327 1925 1413 1962 Quid
1436 1928 1530 1954 recte

827 1989 936 2022 Aldus
953 1993 985 2018 et
1002 1988 1135 2016 veteres
1149 1978 1310 2012 nonnulli.
1345 1977 1444 2008 Idem.

871 2042 912 2072 38
939 2037 1089 2069 Taurinos
1108 2029 1237 2069 viscere]
1261 2026 1410 2060 Omnino
1425 2023 1532 2062 scrip-

828 2091 873 2122 sit
898 2087 1104 2121 Claudianus
1128 2081 1251 2113 taurino
1272 2078 1400 2108 viscere.
1450 2073 1534 2104 Ner-

830 2150 888 2171 vos
916 2147 1054 2170 arcuum
1084 2133 1169 2165 dicit
1196 2141 1215 2162 e
1240 2129 1375 2161 taurino
1402 2125 1533 2156 viscere

830 2190 973 2223 intendi.
1006 2186 1123 2219 Barth.

877 2240 1029 2273 Taurinos
1043 2237 1165 2267 mittere
1180 2228 1302 2272 nervos]
1327 2227 1464 2261 Taurino
1477 2225 1537 2255 visa

832 2302 900 2324 cere
915 2292 1059 2322 Lueens.
1081 2291 1118 2318 et
1138 2288 1308 2324 excerpta
1336 2281 1534 2312 Puteanea:

833 2343 919 2374 vidit
946 2337 1208 2380 Raphelengius‚
1234 2339 1269 2366 et
1302 2331 1425 2373 probat
1454 2329 1536 2358 Bar-

833 2394 933 2425 tbius.
979 2391 1118 2431 Laqueos
1133 2397 1175 2419 ex
1190 2385 1330 2418 cervino
1348 2390 1450 2413 nervo
1463 2377 1537 2409 fieri

833 2444 950 2475 solitos
963 2442 1066 2473 docet
1081 2438 1224 2472 Gratius
1236 2430 1455 2477 Cynegetico.
1493 2429 1536 2460 Ι).
1567 2454 1570 2455 ⁷

835 2495 946 2526 Heius.

876 2548 918 2576 40
942 2542 1057 2575 Brevis
1081 2538 1195 2579 bestia]
1230 2537 1375 2576 Exigua,
1397 2532 1537 2563 minuta.

836 2596 952 2628 Barth.

881 2645 991 2677 Bestia
1019 2640 1103 2681 telis]
1149 2637 1264 2669 Bellua
1297 2633 1424 2665 rectius
1454 2636 1538 2659 uuus

837 2698 967 2730 Medic.
982 2700 1018 2728 et
1034 2694 1157 2726 Petnv.
1189 2689 1233 2721 D.
1252 2683 1363 2719 Heius.
