1859 3148
325 129 430 170 [728

363 237 380 262 5
410 232 574 263 Furiarum
592 229 716 261 verbere
734 225 854 266 pulsus]
901 225 1018 256 Gram-

320 283 436 314 matici
463 281 617 312 infestam
643 276 852 309 iracundiam
870 277 1017 316 aequipa-

322 339 375 364 rat
392 332 554 363 furiarum
571 328 721 367 flagellis.

369 384 500 415 Verbere
514 379 632 421 pulsus]
657 376 824 409 Qualibus
841 374 936 406 furiis
955 373 1020 406 sre-

320 439 416 464 munt
429 428 663 463 Grammatici.
711 426 828 457 Barth.

364 486 384 512 (i
411 481 489 511 [rati
505 478 652 517 relegam]
697 476 824 506 Loedam
841 475 939 516 prim.
954 475 1021 505 Va-

321 534 378 563 tic.
396 535 431 561 ct
448 528 564 559 Ambr.
583 525 721 557 rectius.
762 526 805 557 D.
823 526 934 556 Heius.

368 578 530 617 Carmina]
571 577 638 607 Vel
670 575 951 606 laboriosissimos
985 580 1022 606 ct

321 634 417 663 bonae
461 628 585 660 mentis
639 627 848 658 inanissimos
893 636 1021 657 versus

322 681 436 713 Barth.

363 735 381 762 7
407 730 504 761 Nulla
534 737 614 758 meos
640 725 756 765 traxit]
802 725 961 765 Intellige
979 734 1022 756 ex

321 782 433 821 reipsa
474 777 660 819 judicasse,
708 785 774 806 non
821 776 1021 816 petulantia.

322 832 416 861 Idem.

365 884 384 911 8
408 877 658 917 Liberior-justo]
703 876 802 908 Solito
819 877 950 917 scripti,
966 886 1022 907 ex-

321 931 429 972 ceptis
445 930 626 970 prim-Vnt.
641 933 677 959 et
687 927 845 958 Ambros.
859 927 904 957 nil
917 931 1021 957 muta.

324 982 472 1012 Avienus
496 979 609 1010 fabula
640 987 691 1008 lx.
721 978 729 994 ‘
749 978 906 1008 Liberior
928 978 1021 1017 justo

322 1031 377 1071 qui
393 1029 455 1060 fuit
469 1034 548 1060 ante
566 1027 694 1068 fugax!
741 1028 784 1058 D.
802 1027 914 1058 Heius.

364 1084 384 1111 9
413 1080 490 1111 Voce
523 1079 644 1118 notavi]
690 1078 798 1108 Mente
828 1087 911 1107 unus
942 1076 1022 1107 Am-

323 1131 411 1162 bros.
439 1134 473 1160 et
499 1139 568 1161 sec.
596 1128 706 1159 Vatic.
749 1128 926 1158 Proximus
953 1136 1024 1156 ver-

323 1191 390 1220 suS,
441 1190 483 1211 ne
536 1178 744 1209 adulterinus
792 1177 845 1211 sit,
897 1181 1023 1206 metuo.

327 1232 424 1261 Idem.

366 1283 401 1309 11
421 1279 558 1318 Orpheos
573 1278 627 1307 alii
642 1276 750 1315 libros]
766 1276 869 1306 Forte
885 1275 1025 1305 Asci-ceos

322 1331 377 1360 alii
406 1328 520 1364 libros,·
555 1332 591 1358 nt
623 1331 692 1357 tres
720 1334 865 1355 summos
904 1324 1022 1363 poetas

322 1380 513 1419 conjungat,
539 1377 736 1415 Homerum,
764 1374 965 1414 Hesiodum,
989 1378 1023 1405 et

322 1430 514 1459 Maronem.
562 1427 659 1457 Idem.

366 1482 404 1509 12
433 1479 496 1508 Nec
516 1481 569 1508 tua
583 1475 736 1514 securum]
774 1474 902 1513 Magno
919 1473 1022 1503 etiam

317 1529 448 1569 judicio
464 1527 643 1567 Virgilium
662 1525 812 1556 Homero
836 1524 1021 1564 praeponit.

323 1579 385 1609 Ille
404 1587 482 1608 vero
498 1586 603 1617 usque
631 1575 715 1606 adeo
732 1583 797 1605 non
818 1583 955 1604 securus
972 1572 1022 1603 fa-

323 1639 385 1659 mae
401 1627 478 1665 fuit,
493 1632 529 1657 nt
543 1635 653 1666 neque
672 1625 747 1655 vivo
763 1633 874 1664 neque
890 1628 1022 1654 mortuo

324 1677 492 1709 defuerint
510 1676 598 1707 ΖοϊΙί
616 1681 649 1706 et
667 1675 845 1715 Mastiges.
885 1674 1000 1704 Barth.

368 1731 405 1759 13
431 1729 501 1767 Ipse
525 1727 649 1766 parens]
694 1725 769 1756 Hoc
795 1724 963 1755 distichon
981 1724 1021 1755 ab

325 1778 478 1809 Ennodio
494 1778 630 1809 citatur.
677 1776 719 1806 D.
738 1775 850 1806 Heius.

536 135 677 166 No'rAE
712 131 975 163 VARIORUM
1009 132 1058 162 IN
1094 132 1166 161 CL.
1198 131 1381 162 CLAUD.
1415 130 1573 161 LXXV.

1116 228 1155 256 16
1182 225 1309 265 Pauper
1329 226 1549 266 uterqnesnit]
1573 226 1684 256 Pastor
1712 226 1774 256 Lu-

1073 285 1164 306 cens.
1212 277 1305 307 Idem.

1118 328 1155 355 17
1183 327 1225 355 Et
1240 327 1371 365 pallidus
1387 327 1489 356 omnia
1504 324 1610 363 laudo]
1645 325 1693 355 En
1709 326 1777 364 pal-

1075 374 1156 404 lidus
1168 376 1322 405 meliores
1340 375 1477 415 scripti3
1501 380 1535 405 et
1552 383 1628 405 cum
1642 374 1682 404 iis
1695 375 1777 404 Bar-

1077 425 1175 456 thius.
1220 426 1381 466 Sequenti
1409 426 1509 456 etiam
1532 434 1633 455 versu
1662 423 1777 454 malim

1078 474 1127 504 Eu
1144 476 1272 506 clarum.
1317 475 1424 506 Idem.

1121 527 1159 553 18
1184 524 1317 564 Sophos]
1356 524 1625 555 Acclamantium
1653 523 1779 554 favoris

1077 583 1153 612 vox,
1168 579 1203 604 et
1216 575 1285 604 laus
1307 584 1444 605 summa.
1491 575 1659 605 Martialis
1676 573 1733 604 lib.
1753 583 1776 604 1.

1076 624 1085 640 ‘
1102 623 1263 654 Audieris
1288 633 1364 654 cum
1396 624 1524 663 grande
1551 624 1681 663 Sophos
1698 624 1777 654 dum

1077 673 1170 704 basia
1187 673 1330 713 captas!
1375 675 1493 704 Barth.

1121 726 1160 753 19
1187 723 1329 762 Ignoscat
1344 723 1497 763 placidus]
1521 723 1612 753 Puto
1629 721 1779 752 scriben-

1076 774 1155 804 dum
1178 774 1318 814 ignoscas
1334 779 1368 805 et
1392 775 1534 805 remittas
1549 778 1585 804 et
1599 773 1723 812 recites,
1739 778 1778 804 ut

1079 824 1249 855 Alethium
1266 825 1471 865 alloquatur.
1516 825 1560 855 D.
1580 824 1691 855 Heius.

1120 877 1161 904 :20
1187 875 1230 904 Et
1253 873 1335 913 tuto]
1382 874 1542 915 Plerique
1578 884 1620 904 ex
1644 873 1780 914 scriptis

1077 927 1161 959 toto;
1192 929 1307 955 recte:
1343 924 1432 965 quod
1463 929 1498 954 et
1523 924 1663 954 Barthio
1691 924 1780 954 curis

1077 973 1236 1004 secundis
1260 974 1443 1004 monitum:
1470 980 1584 1013 posset
1601 974 1703 1005 etiam
1730 984 1780 1005 re-

1076 1022 1159 1063 fingi
1174 1027 1240 1054 tota
1253 1023 1324 1054 urbe
1340 1033 1399 1063 pro
1415 1023 1566 1063 quodlibet
1583 1033 1645 1054 ore.
1672 1024 1778 1054 Prim.

1078 1074 1235 1105 Vatican.
1251 1074 1404 1106 Anibi-os.
1421 1080 1455 1106 et
1472 1075 1554 1106 edit.
1568 1075 1683 1105 Parm.
1696 1074 1779 1113 quic-

1077 1124 1150 1163 qnid
1166 1124 1203 1154 ab
1214 1134 1283 1159 ore,·
1306 1125 1381 1163 lege
1397 1124 1562 1164 quidlibet:
1587 1124 1727 1163 quicquid
1738 1124 1775 1154 ab

1077 1183 1127 1203 ore
1134 1174 1227 1212 pluit,
1238 1173 1541 1213 velfiuit‚Claverii
1554 1173 1652 1204 liber.
1672 1174 1775 1204 Forte

1078 1223 1219 1260 ignoscas
1250 1228 1284 1254 et
1313 1224 1455 1254 remittas
1477 1228 1512 1254 et
1535 1224 1643 1254 recites
1665 1224 1778 1263 legen-

1079 1271 1177 1301 dum:
1202 1276 1241 1302 ut
1257 1271 1428 1304 Alethium
1445 1273 1646 1314 alloquatur.
1682 1274 1778 1306 Idem.

1124 1321 1166 1350 Et
1187 1321 1269 1361 tuto]
1313 1322 1449 1353 Scribe:
1486 1323 1529 1352 Et
1567 1326 1631 1353 toto
1669 1323 1779 1354 recitet

1077 1371 1231 1411 quodlibet
1251 1382 1323 1403 ore:
1342 1373 1454 1412 placet.
1499 1373 1613 1404 Toties
1640 1373 1705 1403 illis
1731 1374 1781 1404 in-

1078 1421 1165 1452 natis
1191 1422 1303 1453 buccis
1328 1423 1408 1453 licet
1438 1427 1567 1461 utatur,
1595 1423 1717 1463 inquit,
1744 1427 1780 1453 et

1078 1471 1212 1510 fremat,
1246 1478 1352 1512 tonet,
1389 1474 1525 1510 clamet,
1561 1472 1779 1512 vociferetur,

1078 1521 1248 1553 baubetur
1274 1523 1434 1564 quicquid
1456 1524 1559 1561 volet,
1582 1532 1641 1553 nos
1667 1524 1777 1562 parati

1078 1581 1188 1602 sumus
1209 1573 1307 1611 placet
1325 1573 1386 1603 hoc
1411 1578 1561 1603 nostrum
1578 1573 1705 1613 ubique
1730 1574 1779 1604 illi

1077 1622 1223 1661 offerre3
1247 1633 1289 1654 ne
1318 1623 1477 1654 videlicet
1502 1624 1589 1654 tanti
1618 1624 1777 1663 ponderis

1076 1674 1243 1704 homiuem
1268 1683 1343 1704 cum
1368 1678 1463 1704 tanto
1487 1683 1546 1705 suo
1570 1673 1661 1705 fastu
1683 1675 1780 1707 nobis

1078 1724 1329 1755 incumbentem
1341 1723 1429 1755 ferre
1444 1732 1614 1764 cogamur.
1640 1724 1756 1757 Barth.

951 1957 1157 1999 LXXV.

837 2109 906 2149 525.

370 2231 513 2262 Patmos
531 2229 729 2268 Vaticanus,
749 2228 863 2269 Incipit
881 2228 970 2267 jocus
985 2230 1021 2260 dc

327 2281 462 2311 Curetio.
508 2280 576 2310 Pro
612 2280 749 2310 Fallaces
787 2280 882 2309 vitreo
918 2281 1023 2310 stellas

325 2331 530 2369 Oiselianus,
549 2330 696 2360 I'alantes
708 2330 804 2360 vitreo
819 2331 933 2361 stc-llas.
979 2330 1022 2360 D.

327 2380 446 2411 Heius.

369 2434 384 2461 l
411 2430 562 2469 Fallaces]
609 2430 752 2459 Omnem
785 2429 1020 2469 genethliacon

324 2482 520 2519 contemnit,
553 2491 643 2511 more
689 2492 841 2512 verorum
873 2482 1021 2512 Philoso-

324 2531 474 2570 phorum.
498 2531 554 2561 Ob
568 2532 746 2571 plurimum
763 2532 915 2569 abusum,
928 2542 1022 2562 usum

325 2581 395 2612 fere
412 2582 552 2620 nullum,
569 2582 655 2612 male
676 2582 842 2612 audivisse
861 2582 950 2622 apud
969 2592 1023 2611 ve-

325 2636 426 2671 teres,
453 2633 502 2663 uti
525 2637 632 2662 artem
659 2641 775 2662 vanam
806 2637 842 2663 et
875 2636 1023 2673 quaestus

326 2681 436 2721 gratia
452 2682 616 2714 dicacem.
663 2682 777 2713 Barth.

962 2108 990 2148 I
988 2124 1011 2148 n
1038 2109 1262 2149 Caretium.
1316 2109 1321 2112 ’

1118 2232 1138 2260 2
1166 2230 1251 2267 Vaga
1265 2226 1408 2266 Saturni]
1433 2225 1565 2257 obesse
1579 2225 1712 2258 Saturni
1731 2227 1777 2257 in-

1076 2279 1314 2317 constantiam,
1343 2283 1627 2318 superventurnm
1662 2284 1777 2309 autem

1075 2329 1209 2361 Jovem.
1255 2328 1421 2361 Qualibus
1438 2327 1614 2358 sententiis
1639 2337 1776 2367 speran-

1078 2379 1180 2417 tibus,
1197 2378 1286 2420 quod
1312 2379 1357 2409 ait
1372 2378 1524 2413 Tacitus,
1548 2377 1697 2408 fallacias
1721 2378 1777 2409 isti

1075 2430 1225 2459 homines
1254 2429 1448 2459 nectebant.
1493 2428 1639 2458 Saturno
1663 2433 1776 2459 autem

1077 2479 1277 2509 adversatur
1292 2479 1442 2518 Jupiter.
1490 2478 1586 2508 Idem.

1121 2533 1138 2559 5
1166 2529 1322 2568 Periuria]
1366 2529 1503 2558 Senecae
1543 2529 1574 2558 in
1610 2527 1776 2568 Apocolo·

1078 2579 1230 2620 cynthosi
1248 2589 1307 2619 pro
1330 2579 1492 2609 miraculo
1518 2583 1569 2608 est
1586 2578 1775 2609 Mathema-

1079 2630 1183 2660 ticum
1200 2630 1253 2659 vel
1269 2629 1373 2659 semel
1392 2638 1507 2659 verum
1524 2628 1648 2659 dicere.
1678 2629 1775 2660 Idem.

1121 2683 1139 2710 7
1158 2680 1242 2710 Nam
1256 2689 1379 2720 spurcos
1391 2679 1494 2720 avide]
1507 2679 1630 2720 Avidoe,
1642 2677 1720 2710 Ald.
1738 2682 1773 2709 et
