1763 3116
368 153 428 184 DE
463 150 625 184 RAPTU
660 149 986 180 PROSERPINAE
1020 150 1114 179 Lm.
1147 149 1180 179 1.

50 246 186 280 membra
209 248 364 287 gigantam
387 245 504 286 scripti
529 243 686 274 meliores
703 246 752 272 ta-

55 307 131 329 men
148 301 248 336 terga.
278 298 318 328 D.
337 296 453 327 Heius.

96 350 156 378 154
185 346 346 386 Fhrgranti
359 347 480 384 pectore
492 341 630 382 sulphur]
654 341 751 371 Vari-

57 403 116 428 ant
134 398 232 428 libri:
257 395 316 426 sed
333 394 410 424 nihil
427 398 528 423 muta.
559 392 636 422 Val.
654 391 749 422 Flac·

51 458 126 486 cuS,
139 449 179 478 ‹le
191 446 372 487 Typhoeo:
387 447 508 474 ‘sacras
522 447 751 473 removentem

51 503 188 539 pectore
205 494 378 527 flammas!
425 495 568 524 Severus
581 493 613 523 in
628 493 747 523 AEtna:

49 550 58 565 ‘
74 548 219 587 Gurgite
234 546 407 576 Trinacrio
429 544 630 575 morientem
652 542 749 583 Jupi-

48 602 99 628 ter
122 597 221 628 AEtna
247 596 375 627 Obruit
406 594 635 626 Enceladum:
661 595 748 624 vasti

48 647 104 688 qui
123 647 271 687 pondere
290 646 412 677 montis
430 646 575 683 AEstuat,
598 649 634 675 et
651 650 747 685 patu-

48 697 87 727 lis
100 698 253 737 exspirat
268 696 421 727 faucibus
433 695 550 734 ignes?
577 695 673 725 Idem.

91 750 150 777 155
178 747 222 777 Et
247 748 364 786 quoties
386 745 555 784 detrectat]
589 744 747 784 Isingrin.

46 797 187 835 dejectae.
234 797 324 827 Puto
341 796 488 834 rejectat;
512 804 576 825 non
594 795 679 825 enim
696 796 747 825 de-

35 847 158 885 jectal:
180 847 358 886 sequentia
388 845 545 885 probant,
573 847 581 861 ‘
602 845 641 875 In
669 845 748 875 dex-

47 903 135 927 trum
152 896 340 936 laevumque
359 895 469 925 latus.'
513 896 645 925 Seneca
660 895 747 935 Thy-

45 949 141 977 este:
167 948 267 976 ‘num
296 946 426 985 rejecto
450 946 555 977 Latus
579 946 747 985 explicuit

46 1001 159 1028 monte
172 996 356 1037 Typhoeus
367 996 390 1026 ξ’
416 996 515 1027 Idem.

89 1047 217 1082 Quoties
239 1047 391 1077 detrectat
414 1045 503 1085 onus]
539 1045 628 1076 Hinc
653 1047 746 1086 egeri

43 1097 100 1128 ina
123 1107 203 1128 saxa
231 1102 266 1128 et
290 1096 440 1127 flammas
470 1107 524 1127 eas
552 1097 745 1137 tingebant:

45 1147 132 1178 unde
150 1146 252 1177 Ovid.
275 1148 283 1163 ‘
299 1147 430 1177 Nititur
442 1147 498 1178 ille
513 1147 661 1187 quidem,
676 1155 746 1178 ten-

46 1200 163 1237 tatque
182 1205 358 1236 resurgere
372 1196 485 1235 saepe!
509 1197 624 1228 Barth.

89 1249 147 1276 161
175 1246 343 1285 Indigenas
359 1245 489 1285 nimbos]
526 1247 574 1276 Eo
592 1247 667 1277 loco
691 1256 747 1276 na-

45 1301 109 1328 tos.
135 1297 231 1327 Idem.

88 1349 150 1377 162
175 1346 316 1377 Motibus
339 1350 423 1376 astra
450 1346 584 1386 lacessit]
621 1347 746 1377 Putea-

45 1407 128 1428 neus
153 1398 307 1434 molibus;
330 1403 444 1428 recte:
472 1397 512 1427 (le
541 1397 630 1427 saxis
658 1397 746 1427 enim

44 1448 126 1487 agit,
142 1457 215 1487 quae
233 1457 274 1478 ex
298 1447 396 1477 AEtna
413 1447 601 1486 prosiliunt.
647 1448 747 1477 Seve-

44 1508 99 1529 rus
123 1500 154 1529 in
180 1499 302 1530 AEtna:
327 1500 335 1515 ‘
352 1499 497 1529 Pellitur
523 1503 651 1529 exustae,
678 1501 747 1538 glo-

45 1555 194 1581 meratus
222 1550 355 1581 nimbus
387 1559 523 1587 arenae3
548 1550 746 1589 Flagrautes

46 1605 232 1641 properant
258 1600 386 1631 moles!
447 1600 549 1631 Paria
576 1600 680 1631 habes
711 1605 747 1631 et

46 1650 134 1691 apud
150 1650 343 1691 Virgilium,
365 1650 523 1681 AEneidos
542 1650 664 1681 tertio:
690 1661 747 1681 cu-

39 1700 96 1740 jus
125 1700 310 1731 imitatione
342 1701 459 1741 plenus
488 1700 541 1731 hic
565 1701 668 1731 locus.
702 1702 746 1733 D.

44 1749 155 1781 Heius.

87 1803 146 1832 165
171 1801 238 1832 Scit
252 1801 388 1841 serrare]
410 1802 544 1833 Servat.
567 1802 682 1833 Barth.

86 1851 215 1882 Servare
227 1852 343 1893 fidem]
384 1852 482 1883 Fides
509 1853 556 1883 nil
578 1852 668 1883 aliud
693 1852 746 1882 1110

44 1902 224 1943 significat,
239 1912 336 1942 quam
355 1901 466 1933 foedus
490 1902 747 1933 elementorum.

87 1954 275 1992 Par-iterque
304 1953 441 1993 sat-illis]
489 1954 573 1984 Cum
608 1953 745 1984 favillis.

47 2002 162 2033 Barth.

91 2055 151 2082 167
166 2053 378 2094 Fumofideli]
396 2053 472 2084 Non
486 2053 587 2083 noxio
602 2053 746 2084 nivibus.

46 2101 145 2132 Idem.

89 2155 150 2183 168
172 2152 312 2191 Lamln't]
337 2153 488 2183 Molliter
505 2153 652 2192 attingit.

91 2203 280 2243 Contiguus]
310 2203 456 2234 Viciuas.
481 2203 598 2234 Barth.

91 2255 151 2283 160
178 2253 255 2288 Quoe
284 2254 422 2293 scopulos
446 2257 599 2284 tormenta
628 2252 749 2292 rotant]

46 2302 101 2333 Sic
119 2304 373 2343 praestantiores
388 2303 478 2341 libri,
494 2308 529 2334 et
545 2314 621 2334 mox
632 2306 748 2343 glome-

46 2356 118 2382 rant
132 2357 167 2382 et
182 2353 257 2383 ruit.
272 2353 439 2384 Severus:
454 2354 462 2369 ‘
476 2354 578 2384 Nunc
591 2354 748 2395 quoniam

48 2403 81 2432 in
100 2407 257 2441 promptu
274 2408 325 2433 est
340 2404 451 2444 operis
466 2409 586 2435 natura
600 2405 748 2445 solique,

48 2451 147 2482 Unde
178 2452 241 2491 ipsi
267 2453 371 2492 venti,
399 2464 472 2494 quae
504 2464 556 2486 res
593 2456 750 2487 incendia

48 2501 169 2541 pascit,
185 2502 254 2531 Cur
267 2503 376 2533 subito
387 2504 548 2535 cohibent
562 2505 660 2545 vires,
673 2516 748 2547 quae

49 2561 153 2582 causa
176 2552 308 2591 silendi,
329 2553 557 2595 Subsequarz’
581 2556 749 2595 quomodo

46 2603 105 2632 illa
121 2602 318 2641 castiganda
334 2609 411 2634 sunt
433 2614 473 2635 ex
493 2605 600 2635 veteri
617 2605 748 2637 codice.

49 2652 94 2684 Ι).
109 2652 217 2683 Ileins.

1391 138 1504 182 1637

846 245 907 273 170
945 242 1112 273 Vulcanius
1140 241 1240 280 ignis]
1296 241 1439 274 Putean.
1467 249 1503 275 et

801 302 886 323 unus
904 292 1024 322 Petav.
1040 293 1155 327 amuis;
1172 291 1322 331 optime:
1339 301 1404 331 qua
1422 301 1503 323 voce

801 341 902 372 etiam
920 351 998 372 usus
1009 342 1154 372 Severus
1170 341 1203 371 in
1220 341 1341 371 AEtna:
1360 342 1368 357 ‘
1383 340 1503 372 Donec

800 390 968 422 confluvio
985 392 1148 422 revolutis
1163 391 1300 422 aestibus
1313 390 1419 421 amnis
1436 390 1503 420 Ex-

800 443 866 481 ilit,
883 446 984 483 atque
1011 441 1126 473 furens
1158 447 1231 473 tota
1257 441 1361 472 vomit
1384 441 1502 480 igneus

800 493 931 524 AEtnaz'
954 493 1032 524 hinc
1048 494 1167 523 undans
1182 494 1282 523 AEtna
1306 491 1450 531 Virgilio
1468 495 1504 522 et

801 543 949 574 Lucano.
998 543 1185 573 Rednndans
1199 547 1315 572 nostro
1331 541 1363 571 in
1376 541 1502 582 Idyllio

800 593 842 623 de
860 594 922 633 piis
939 592 1112 625 fratribus.
1149 593 1270 624 Senec.
1289 592 1502 633 Hippolyto:

797 645 806 659 ⁴
822 643 928 684 qualis
942 643 1075 674 AEtnaeo
1086 653 1192 684 vapor
1207 643 1370 673 Exundat
1381 641 1504 674 antro.’

798 693 941 731 Ποταμὸς
953 693 1044 733 πυρὸς
1058 694 1131 734 pari
1147 694 1247 724 modo
1259 693 1351 733 apud
1368 693 1502 733 AEscliy-

799 744 866 774 lum
884 744 1008 774 alicubi
1037 745 1188 775 occurrit
1214 745 1247 774 111
1272 744 1501 774 Prometheo:

798 796 806 810 ‘
830 792 1038 824 flammarum
1079 793 1218 824 fluenta’
1275 794 1421 834 Apuleio
1460 793 1502 827 de

799 844 950 882 Mund03
974 850 1009 875 et
1033 845 1041 860 ‘
1053 843 1262 875 flammarum
1279 843 1443 882 flumina,'
1460 843 1501 875 de

799 893 913 932 AEtna,
929 903 1004 934 quae
1018 903 1059 923 ex
1085 894 1207 925 Graeco
1224 893 1374 924 feliciter
1391 898 1501 924 trans-

800 943 897 973 tulit:
936 944 944 959 ‘
960 943 1083 973 undam
1111 943 1209 983 iguis’
1236 949 1354 974 auctor
1381 944 1501 975 AEtnae.

799 993 968 1032 Lucanus,
990 993 1075 1023 libro
1100 1002 1149 1024 vr.
1174 994 1182 1010 ‘
1201 1003 1277 1023 cum
1295 997 1368 1023 tota
1385 1002 1503 1023 caver·

798 1051 857 1072 nas
874 1042 1005 1081 Egerit,
1035 1048 1069 1072 et
1087 1047 1217 1073 torrens
1233 1042 1265 1071 in
1284 1051 1422 1082 campos
1442 1043 1503 1073 de·

797 1091 873 1123 fluit
907 1092 1044 1123 AEtnae.'
1103 1092 1211 1123 Valde
1242 1093 1416 1122 luxuriant
1447 1092 1501 1123 hic

797 1144 917 1174 Poetae
957 1143 1086 1174 Graeci.
1118 1143 1290 1174 Pindarus
1323 1142 1426 1183 Pyth.
1464 1146 1501 1174 A.

796 1195 856 1224 Τᾶς
872 1193 1049 1234 ἐρεύγονται
1064 1193 1120 1232 μὲν
1143 1191 1286 1223 ἀπλάτου
1301 1192 1394 1233 πυρὸς
1411 1191 1503 1230 ἁγνό-

796 1256 888 1274 ταται
906 1245 939 1274 ἐκ
953 1246 1061 1282 μυχῶν
1082 1243 1191 1282 παγαί·
1217 1242 1351 1281 ποταμοὶ
1377 1242 1404 1272 δ’
1430 1241 1503 1280 ἁμέ-

797 1307 879 1336 ραισι
894 1295 950 1333 μὲν
965 1294 1131 1335 προχέοντι
1155 1292 1225 1333 ῥόον
1240 1293 1357 1323 καπνοῦ
1371 1293 1502 1332 αἴθωνας

797 1357 871 1387 quae
890 1346 1085 1376 Macrobius
1101 1350 1136 1375 et
1153 1345 1285 1375 notavit
1311 1345 1447 1375 Saturn.
1470 1353 1503 1375 v.

799 1407 875 1436 cap.
906 1400 954 1427 17.
978 1398 986 1412 ⁴
1002 1395 1166 1435 Virgilius
1192 1394 1327 1435 quidem
1361 1393 1503 1424 Graecos

799 1446 912 1478 fontes
944 1447 1107 1483 imitatus,
1135 1446 1230 1484 ignes
1267 1444 1428 1482 eructari,
1467 1449 1503 1475 et

798 1496 904 1527 fluere
922 1506 1036 1526 amnes
1054 1495 1148 1533 fumi,
1163 1500 1198 1525 et
1215 1493 1423 1524 flammarum
1439 1492 1503 1524 ful-

799 1557 840 1577 va
856 1551 891 1576 et
909 1550 1064 1577 tortuosa
1075 1545 1241 1575 volumina
1256 1545 1288 1574 iu
1300 1545 1417 1584 plagas
1435 1553 1504 1574 ma-

798 1597 843 1627 ris
859 1596 954 1634 ferri,
970 1596 1065 1636 quasi
1082 1595 1244 1636 quosdam
1258 1595 1374 1634 igneos
1387 1603 1504 1624 amnes

798 1646 908 1677 dixit.‘
950 1647 1059 1677 Vetus
1077 1645 1189 1676 Poeta
1206 1645 1295 1686 apud
1314 1644 1503 1684 Longinum

798 1696 866 1737 περὶ
890 1696 981 1736 ὕψους
998 1697 1039 1727 de
1057 1694 1192 1726 flamma
1208 1704 1309 1735 agens
1324 1692 1504 1731 πλεκτάνην

798 1746 976 1786 χείμαῤῥον,
999 1747 1094 1786 quasi
1123 1750 1325 1784 torrentem,
1342 1744 1504 1785 appellat.

800 1798 901 1838 Apud
919 1798 1086 1828 Alcimum
1102 1797 1255 1837 Avitum,
1267 1797 1354 1827 libro
1366 1805 1423 1827 111.
1438 1805 1505 1826 non

799 1849 898 1889 longe
917 1848 957 1878 ab
983 1848 1078 1878 initio
1105 1848 1197 1878 locus
1223 1852 1286 1886 est,
1316 1846 1374 1877 ubi
1399 1845 1504 1876 Sodo—

799 1910 886 1930 mam
902 1898 1167 1939 conflagrantem
1183 1898 1359 1937 describit,
1381 1898 1503 1937 plenus

800 1949 1032 1981 audacissimis
1057 1948 1355 1980 translationibus:
1381 1946 1441 1978 sed
1466 1946 1504 1977 li-

799 2001 859 2031 ber
875 2010 941 2031 non
958 2006 1009 2030 est
1032 1999 1073 2030 ad
1100 2008 1246 2029 manum.
1290 2000 1298 2014 ‘
1310 1997 1413 2037 Ignes
1430 1996 1506 2027 irri-

800 2050 899 2091 guos’
923 2049 1027 2080 habes
1055 2048 1144 2088 apud
1162 2049 1324 2078 Severum
1342 2048 1374 2077 in
1391 2047 1505 2085 AEtna,

799 2107 834 2132 et
858 2100 1112 2131 ‘exundantem
1139 2096 1331 2135 flammam‚'
1359 2100 1394 2127 et
1421 2097 1429 2112 ‘
1445 2105 1505 2127 un-

799 2151 875 2181 dam
894 2150 1003 2190 ignis.’
1032 2150 1040 2165 ‘
1060 2149 1285 2179 Flammarum
1305 2145 1504 2178 torrentem’

797 2202 896 2232 Silius
913 2201 1070 2239 Italicus,
1087 2200 1172 2230 libro
1190 2208 1260 2230 xlv.
1278 2198 1334 2229 ubi
1349 2198 1390 2228 de
1404 2197 1506 2229 AEtna

800 2252 882 2292 agit.
906 2251 1070 2290 Virgilius
1097 2249 1139 2280 de
1158 2249 1247 2280 Caco
1263 2246 1432 2279 flammam
1448 2257 1504 2278 vo·

800 2306 927 2340 mente,
950 2303 959 2317 ‘
976 2311 1041 2342 qua
1059 2300 1222 2341 plurimus
1238 2299 1360 2329 undam
1380 2299 1504 2330 Fumus

799 2352 889 2392 agit)
937 2351 1079 2382 Gratius
1096 2350 1139 2381 de
1163 2350 1338 2380 Vulcano:
1363 2349 1504 2389 ‘rupto-

800 2413 864 2444 que
896 2413 913 2433 e
948 2406 1089 2443 pectore
1114 2399 1238 2430 montis
1267 2398 1374 2429 Venit
1402 2407 1504 2428 ovans

801 2453 938 2492 austriS,
963 2457 999 2484 et
1024 2452 1132 2483 multo
1158 2449 1296 2481 flumine
1325 2447 1469 2480 flammae
1485 2447 1505 2479 :'

800 2504 858 2535 ubi
874 2514 969 2534 ovans
984 2503 1071 2534 auris
1086 2501 1240 2533 fortassis
1256 2500 1450 2541 legendum,
1468 2503 1505 2530 ut

798 2555 807 2571 ⁴
830 2553 980 2584 fulminis
1012 2562 1093 2584 aura
1105 2552 1112 2564 ’
1151 2550 1241 2592 apud
1282 2549 1431 2587 Poeta53
1469 2552 1505 2579 et

799 2604 807 2619 ‘
827 2603 918 2634 venti
933 2601 1080 2633 fulminis
1093 2602 1100 2614 '
1117 2601 1206 2642 apud
1227 2601 1416 2631 Maronem.
1431 2598 1504 2628 Val.

801 2653 945 2685 Flaccus
962 2653 1021 2684 lib.
1040 2661 1107 2684 vn.
1130 2653 1139 2667 ‘
1154 2652 1285 2682 Taurus
1309 2655 1345 2681 et
1367 2647 1504 2680 immani
