1763 3116
475 147 539 178 DE
573 146 637 175 Vl.
669 143 807 176 CONS.
839 141 1023 173 HONOR.

24 243 252 285 nymphasque
266 240 422 274 sorores!
446 241 562 271 Malim
578 239 603 277 i,
615 239 718 276 redde,

25 294 200 333 quamjum
213 294 325 327 reddt·;
357 290 416 321 sed
441 289 576 320 codices
593 287 717 318 vetusti

25 343 198 374 abnuunt:
223 343 349 381 egimus
364 341 406 371 de
422 349 462 371 eo
475 337 634 379 loquendi
649 345 717 367 mo-

24 393 67 424 do
83 394 123 424 ad
144 394 288 432 Raptum
304 390 527 430 Proserpinae,
543 393 579 419 et
593 387 634 418 ad
649 388 717 418 Na-

25 452 150 474 ¹eonem.
175 443 216 473 D.
234 442 344 472 Heius.

69 491 192 530 t'lmris]
228 491 267 521 111
289 490 408 531 quibus
435 488 641 530 perennibus
671 487 717 517 vi-

25 551 103 571 vero
122 541 286 581 Nympha}
313 539 498 579 tinguntur,
523 542 560 569 ut
585 537 719 568 mortali

24 591 153 621 scilicet
170 590 362 620 conditione
380 589 536 628 majores.

67 640 185 680 Redde]
210 640 379 671 Restituo.
406 638 590 669 Horatius:
607 638 615 654 ‘
632 636 721 668 Rod-

23 690 131 722 ditum
150 690 229 730 syri
246 691 327 720 solio
345 687 541 720 l'hraaten.’
567 687 684 718 Barth.

68 744 128 772 160
155 741 296 781 Extulit]
327 739 496 779 Effigiatio
513 739 546 769 in
562 737 720 768 Tiberino

25 793 103 824 alibi
121 793 309 832 proposita.
335 792 432 821 Idem.

70 846 128 874 161
154 842 274 881 Aurea]
299 840 481 872 Electrifer
504 838 635 877 fluvius,
650 838 722 877 ‹lig-

25 904 86 925 nus
105 895 213 925 aureis
229 894 401 924 cornibus.
427 892 525 922 Idem.

68 946 128 975 164
154 944 293 980 Electra]
331 941 463 972 Padurn
494 939 721 977 nobilitantia,

25 994 58 1025 in
75 994 162 1024 0111111
181 992 336 1022 arborum
355 1000 491 1029 genere.
518 990 613 1020 Idem.

68 1046 126 1074 165
167 1042 256 1073 Paua
286 1040 381 1080 tegit]
428 1039 560 1070 Pallam
592 1038 722 1068 virilem

25 1094 126 1125 etiam
144 1102 215 1123 esse
231 1097 361 1122 vestem
382 1095 536 1121 notamus
562 1098 627 1120 11011
644 1098 723 1128 pau·

23 1144 72 1175 cis
96 1143 137 1174 ad
152 1142 343 1182 Pupiniam.
388 1139 560 1171 Muliebre
576 1137 724 1179 alioquin

25 1194 185 1233 ingerunt
200 1193 304 1222 multa
319 1192 395 1223 loca
411 1190 539 1221 Plauti.

68 1244 162 1274 Latos
178 1241 326 1281 humeris]
350 1241 502 1281 Heroum,
518 1239 725 1280 fortiumque

26 1293 172 1325 virorum
189 1293 317 1323 habitu.

73 1346 231 1383 Cnrruque
266 1340 407 1380 paterno]
453 1340 587 1370 Alludit
621 1338 727 1369 verba

27 1395 200 1434 Epitapliii
216 1394 249 1424 in
272 1392 417 1423 Ovidio:
443 1392 451 1408 ‘
472 1390 538 1421 Hic
564 1390 646 1420 situs
675 1393 727 1420 est

26 1445 194 1482 Phaeton,
205 1452 322 1474 currus
334 1442 450 1480 auriga
463 1439 607 1480 paterni,
617 1440 727 1472 Quem

25 1494 52 1525 si
76 1503 141 1524 nou
166 1492 284 1530 tenuit,
313 1490 441 1529 magnis
469 1494 582 1520 tamen
598 1487 728 1518 excidit

28 1542 136 1574 ausis.’
162 1542 277 1572 Barth.

70 1596 132 1624 166
156 1591 312 1632 Incendit]
345 1588 504 1620 Flammis
527 1587 608 1628 ipsis
633 1587 727 1618 velut

25 1642 291 1684 repraesentatis.
319 1641 416 1671 Idem.

70 1697 130 1726 167
155 1694 308 1732 fultaque
332 1692 385 1722 sub
406 1689 538 1730 gremio]
583 1688 623 1719 In
652 1697 728 1719 eum

28 1746 117 1778 enim
145 1745 307 1776 inclinans
334 1744 420 1774 laevo
457 1740 583 1781 gremio
613 1739 729 1780 pinge-

27 1797 127 1828 batur
140 1795 272 1826 fluvius.

70 1846 222 1885 fultaque
236 1843 289 1874 sub
301 1841 436 1882 gremio]
464 1841 620 1880 Fulvaque
642 1839 729 1870 Isin-

29 1896 116 1937 grini
151 1894 272 1926 codex.
328 1893 512 1932 Sculptaque
543 1891 630 1920 alter
656 1889 730 1920 Lei-

28 1945 149 1977 densis.
183 1943 250 1974 Sed
266 1943 312 1973 nil
329 1940 542 1972 mutandum.
573 1938 730 1970 Adeatur

28 1994 185 2026 Diatribe
209 1993 363 2024 Statiana
384 1989 572 2021 doctissimi
596 1988 730 2019 Grono-

29 2044 89 2083 vii,
117 2053 192 2083 cap.
221 2044 272 2073 54.
303 2041 392 2072 bello
427 2039 553 2071 Getico
592 2042 728 2068 noster:

30 2094 40 2110 ‘
58 2093 222 2133 Fultaque
239 2090 428 2131 despiciens
453 2099 533 2120 auro
557 2089 732 2129 laquearia

30 2143 148 2174 dives:
174 2142 315 2180 statius,
327 2141 412 2171 libro
425 2149 448 2170 1.
463 2140 569 2170 Theb.
585 2140 594 2155 ‘
609 2140 731 2170 Crasso

30 2193 205 2235 laquearia
222 2192 307 2222 fulta
324 2190 485 2221 metallo?
508 2191 516 2206 ‘
534 2190 635 2220 Stant
655 2188 733 2219 fulti

30 2244 172 2286 pulvere
190 2242 322 2281 crines‚'
344 2241 435 2282 apud
461 2240 605 2272 eundern
625 2239 733 2271 Theb.

32 2302 89 2325 111.
120 2294 164 2324 D.
184 2293 296 2324 Heius.

78 2344 205 2374 Caelatis
226 2343 334 2374 nobilis
349 2342 457 2381 astris]
481 2341 653 2382 Sphmram
668 2351 733 2371 (κε-

33 2393 168 2425 lestium
199 2402 376 2432 corporum
411 2402 505 2423 uruae
542 2392 733 2422 incaelatam

35 2444 131 2475 dicit.
163 2444 277 2474 Barth.

79 2497 142 2525 168
176 2494 288 2524 Luctus
308 2493 518 2533 Argumenta]
550 2493 661 2523 Solem
686 2493 734 2522 ait

36 2552 168 2576 omnem
187 2543 405 2573 Phaethontis
421 2542 566 2574 fabulam
586 2542 735 2582 exscrip-

37 2594 119 2626 sisse
134 2593 230 2623 caelo.
255 2593 309 2622 Ide
325 2605 353 2623 ,1.

82 2646 144 2675 170
169 2643 278 2673 »Senem
292 2644 418 2683 plumis]
441 2644 606 2683 Cygnum.
640 2643 736 2673 Idem.

83 2696 142 2725 171
174 2693 306 2723 Vulnera
322 2693 412 2732 lavit]
435 2692 590 2733 Ovidius,
616 2691 676 2723 111).
694 2700 736 2722 11.

125 2745 239 2788 Delplt.
255 2748 285 2777 et
302 2744 376 2777 Ver.
395 2744 478 2777 clus.

708 2742 821 2774 Claud.

1354 130 1467 173 1585

767 238 776 255 ‘
794 236 932 276 Excipit
956 234 1136 273 Eridanus,
1156 231 1388 273 fumantiaque
1410 234 1469 265 ab·

766 290 830 321 luit
847 288 927 320 01113
962 289 1061 318 Idem.

812 341 873 369 173
902 338 1044 378 Hyades]
1081 336 1136 366 De
1163 333 1282 376 quibus
1315 333 1371 365 alii
1403 335 1470 365 alia

768 389 880 420 onmia
896 387 1097 418 fabulantur.

811 438 946 478 Sodalis]
985 437 1126 468 Vicinus
1174 436 1262 475 loco,
1295 435 1471 475 cultuque.

769 489 884 521 Barth.

814 542 874 570 174
897 539 1029 569 Lacteus
1043 536 1188 575 circulus]
1212 536 1268 567 De
1289 544 1328 566 eo
1346 538 1474 576 quanta

770 589 856 621 mira
881 589 1061 620 commenti
1082 589 1150 619 sint
1176 592 1311 618 veteres
1336 586 1474 625 Mytlio-

771 640 852 679 logi,
879 639 993 670 videas
1027 640 1079 669 vel
1108 638 1198 678 apud
1225 637 1331 666 solum
1363 636 1473 666 Mani-

772 691 851 722 lium
868 691 928 722 sul)
945 690 1045 721 tinem
1064 689 1137 719 libi-i
1157 688 1265 728 primi.
1290 687 1386 717 Idem.

817 745 876 772 175
913 739 1056 778 Stellifer
1088 737 1257 776 Eridanus]
1296 736 1474 775 Eridanus,

774 790 950 821 fluviorum
969 800 1028 820 rex
1046 788 1190 820 Maroni.
1224 788 1321 817 Idem.

817 840 960 871 Sinuatis
977 838 1129 881 fluctibus
1165 837 1285 877 errans]
1331 835 1476 866 Lucens.

774 891 873 930 prim.
902 895 936 920 et
972 895 1052 920 tert.
1084 888 1252 925 Vaticani,
1282 896 1365 916 uuus
1394 885 1477 916 Am-

775 939 865 970 bros.
892 943 928 968 et
953 938 1082 968 Medic.
1111 936 1262 976 fle.1·ibus.
1289 940 1402 965 noster
1427 935 1477 965 in·

775 988 847 1018 t'ra:
881 989 889 1005 ⁴
911 988 1064 1018 Flinuina
1089 995 1154 1016 non
1187 985 1309 1016 crebro
1338 985 1477 1014 vincant

774 1037 964 1068 Maeandria
979 1035 1094 1067 flexu!
1118 1035 1231 1071 Silius,
1245 1035 1264 1064 1.
1282 1042 1344 1064 xv.
1361 1033 1370 1050 ‘
1389 1033 1478 1063 Nam

776 1097 842 1127 qua
858 1091 1019 1117 curvatus
1042 1084 1182 1116 sinuatis
1203 1083 1347 1114 flexibus
1370 1082 1478 1113 aninis

777 1137 944 1177 Obliquat
961 1134 1075 1176 ripas!
1108 1135 1152 1165 D.
1172 1134 1285 1164 Heius.

820 1190 882 1217 176
906 1186 986 1216 Noti.
1007 1195 1141 1216 convexa
1167 1184 1269 1224 figat]
1298 1183 1477 1223 Hyginus:

776 1238 784 1253 ‘
802 1236 969 1267 Eridanus
997 1246 1017 1266 a
1047 1235 1182 1266 sinistro
1217 1234 1306 1275 pede
1339 1232 1480 1264 Orionis

778 1286 968 1327 profectuS,
996 1291 1031 1317 et
1063 1285 1264 1326 perveniens
1298 1293 1405 1325 usque
1436 1283 1481 1314 ad

778 1337 966 1377 pistricem,
991 1344 1120 1366 rursum
1141 1334 1344 1364 diffunditur
1361 1332 1403 1363 ad
1419 1333 1483 1364 Le-

779 1387 870 1427 poris
889 1386 1005 1426 pedes,
1022 1390 1057 1415 et
1072 1385 1224 1424 protinus
1245 1382 1288 1414 ad
1304 1382 1483 1414 Arcticuin

778 1437 939 1468 circulum
958 1434 1089 1473 tendit,'
1105 1437 1169 1464 otc.

824 1485 993 1524 Gladioque
1013 1483 1219 1523 tremendum]
1247 1483 1366 1514 Sidera
1393 1482 1482 1513 enim

778 1538 887 1565 terret
900 1534 973 1573 ejus
990 1538 1194 1573 conspectus
1208 1533 1339 1563 armati.
1363 1533 1483 1563 Barth.

823 1584 995 1623 Gladioqne
1035 1582 1239 1621 tremendum]
1315 1582 1485 1621 Gladiz'que

779 1633 893 1665 Oxou.
927 1637 1092 1664 venuste:
1132 1632 1181 1662 sic
1210 1632 1219 1648 ‘
1237 1632 1316 1662 vitae
1344 1631 1483 1661 laudan-

778 1683 839 1714 dus
874 1682 1001 1724 opacae’
1037 1682 1119 1712 Silio
1145 1681 1204 1712 lib.
1230 1691 1256 1712 1.
1292 1681 1485 1711 Videantur

780 1743 857 1774 quae
880 1737 961 1764 noto
988 1732 1030 1763 ad
1053 1731 1350 1771 Metamorphoses
1378 1731 1485 1761 Naso-

780 1784 831 1814 uis
845 1783 903 1814 lib.
920 1792 962 1814 11.
978 1785 1054 1814 765.
1089 1782 1133 1812 D.
1151 1781 1262 1812 Heius.

825 1836 886 1865 177
925 1833 1062 1872 Gurgite
1098 1831 1231 1871 sidereo]
1285 1831 1487 1862 Curvaturis

781 1884 871 1915 enim
902 1883 1012 1915 tribus
1045 1882 1184 1913 Eridani
1218 1882 1326 1912 stellae
1355 1881 1486 1922 tingun-

783 1940 848 1966 tur.
873 1933 991 1965 Barth.

826 1987 888 2016 178
924 1983 1090 2024 Prospexit
1121 1981 1241 2021 euntes]
1308 1981 1487 2020 Prospectat

782 2034 902 2075 scripti
928 2033 1001 2064 fere
1029 2042 1156 2064 omnes.
1186 2030 1292 2062 Praef.
1317 2030 1375 2061 lib.
1395 2039 1436 2062 11.
1453 2030 1487 2060 111

783 2087 928 2124 Eutrop.
953 2084 962 2100 ‘
982 2084 1214 2122 Prospectant
1238 2081 1379 2121 Paphiae
1397 2080 1490 2111 celsa

784 2137 826 2167 de
843 2145 926 2176 rupe
946 2133 1089 2175 puellae!
1116 2133 1162 2163 D.
1183 2131 1294 2162 Heius.

830 2190 890 2219 179
916 2187 1002 2218 Tunc
1024 2184 1117 2223 talia]
1142 2183 1232 2214 Illud
1262 2185 1333 2212 tunc
1356 2180 1489 2212 absolu-

786 2242 854 2267 tam
884 2234 1208 2271 considerationem,
1243 2237 1277 2263 et
1308 2235 1387 2272 post
1414 2240 1489 2261 eam

785 2295 973 2326 sermonem
1004 2284 1140 2314 occulta
1169 2282 1311 2323 quadam
1340 2280 1491 2320 Energia

786 2338 938 2368 denotat.
986 2335 1137 2365 Maronis
1154 2333 1323 2373 exemplo,
1345 2331 1400 2372 qui
1425 2340 1493 2361 ser-

787 2387 932 2419 monide
964 2386 1063 2416 robus
1093 2384 1252 2423 gravibus
1276 2381 1491 2422 praeinittere

787 2437 938 2468 voculam
956 2437 1054 2466 istam
1072 2436 1167 2465 solet.
1202 2433 1319 2464 Barth.

833 2491 893 2518 180
917 2486 1055 2526 Siccine]
1080 2485 1204 2515 Amara
1225 2492 1302 2514 cum
1319 2489 1492 2512 sarcasmo

788 2539 1013 2579 percontatio,
1046 2537 1147 2568 Idem.

832 2592 890 2619 lSl
916 2588 1023 2627 Italas]
1057 2588 1166 2619 Quam
1195 2582 1403 2624 provinciam
1430 2587 1491 2619 spe

783 2641 853 2681 jam
869 2639 1108 2678 deglutiverat.
1136 2636 1233 2667 Idmn.

832 2692 893 2720 182
929 2687 1135 2728 Cornipedem
1166 2682 1312 2717 Tiberino
1349 2677 1493 2719 gramine

1328 2735 1347 2763 5
1371 2729 1407 2762 H
