1763 3116
382 186 430 216 lN
469 185 499 215 Ι.
532 182 670 214 CONS.
703 180 916 211 STlLlcn.
953 179 1044 207 [ΑΒ.
1081 178 1110 206 l.

64 284 103 313 21
130 278 385 320 Decertaeosque]
429 277 607 317 Papinius,
636 274 722 305 The-

21 332 110 362 haid.
137 342 160 362 r.
191 334 200 350 ⁶
216 333 414 369 alternaque
441 337 544 367 regna
570 325 722 366 profanis

22 381 212 412 Decertata
228 378 340 411 odiis!
365 378 422 408 Sic
437 376 615 416 depraeliari
631 375 722 416 apud

24 430 218 462 Horatium.

62 478 211 517 Labores]
254 477 368 508 Instar
398 475 558 508 Herculis
590 474 721 505 illorum

21 528 218 560 celebrium.
278 526 391 557 Habet
429 526 501 557 haec
532 534 597 556 vox
631 524 722 564 apud

22 577 147 609 Poe'tas
164 577 326 607 virtutem
344 575 499 607 bellicam
517 584 594 606 cum
611 574 722 614 siugu-

19 627 82 658 lari
98 625 237 658 effectu.
263 626 377 657 Barth.

62 680 103 708 22
128 677 234 708 Hebro
249 676 343 716 teste]
377 676 453 707 Illic
467 676 576 707 victos
592 675 722 707 Gothos

21 732 185 759 autumat.
224 727 327 758 Initio
342 725 480 767 Imperii
495 725 724 757 Theodosiani

20 777 111 818 apud
127 777 304 808 Thraciam
320 777 418 807 multi
439 774 617 806 conflictus
634 776 724 806 inter

20 827 152 860 Gothos
183 832 218 857 et
255 827 422 857 Romanos
459 824 575 855 fuere:
615 825 724 855 donec

21 876 248 907 Athanaricus
261 876 387 906 Rexilli
398 885 433 906 se
446 876 606 912 tradidit3
624 885 723 916 quam

21 931 134 957 tamen
159 925 296 956 infidam
314 935 430 964 pacem
459 924 562 954 fuisse
591 924 722 954 Idatius

19 980 120 1016 atque
151 975 207 1005 alii
234 975 418 1014 scriptores
446 978 723 1004 commemorant.

17 1025 161 1057 Stilicho
178 1033 258 1055 vero
273 1033 389 1054 earum
411 1033 601 1063 pugnarum
617 1024 723 1054 Theo-

20 1075 117 1107 dosio
134 1079 321 1116 perpetuus
339 1074 471 1105 Comes.

62 1127 196 1167 AEquor]
230 1126 327 1156 Mare
351 1124 404 1155 vel
432 1124 610 1154 Oceanum
638 1123 722 1153 Lau-

22 1176 100 1207 dum
142 1176 227 1207 dicit
269 1175 553 1206 Stilichoniarum.
604 1172 720 1204 Infra:

17 1228 25 1243 ‘
44 1225 482 1268 laudumque'sequentibus
497 1224 594 1255 undis
611 1223 722 1255 Obru-

23 1278 132 1308 imur.'
155 1277 270 1308 Barth.

65 1329 105 1357 23
130 1327 277 1366 Lassant]
311 1326 389 1356 Non
413 1334 448 1356 se
471 1334 570 1365 posse
587 1325 635 1355 ait
651 1328 722 1356 tan-

22 1380 131 1406 tarum
158 1385 268 1405 rerum
298 1375 419 1405 seriem
446 1384 619 1412 enarrare,
643 1375 723 1414 quin

24 1425 178 1456 subsidat
194 1426 234 1456 iis
251 1425 357 1455 omnis
374 1424 422 1454 vis
440 1424 659 1464 eloquentiae.

68 1475 224 1505 Proelii-ia
261 1473 383 1513 currus]
431 1474 548 1503 Cursus
582 1473 724 1512 Gyrald.

23 1528 57 1554 ct
83 1524 149 1554 duo
167 1524 235 1553 alii.
283 1523 391 1553 Paulo
407 1525 485 1552 ante
508 1522 575 1552 Aut
587 1522 725 1560 gelidam

22 1582 83 1614 pro
100 1573 150 1603 An
163 1573 306 1603 Luceus.
323 1571 446 1612 aliique
460 1571 538 1602 duo.
554 1571 597 1602 D.
612 1571 725 1604 Heius.

62 1623 185 1654 Pierios
201 1621 324 1660 currus]
348 1620 586 1662 Eloquentiam
610 1621 725 1652 Poeti-

21 1682 106 1711 cam,
121 1682 212 1713 saepe
241 1671 395 1703 curribus
424 1677 459 1702 et
476 1671 571 1713 equis
589 1680 724 1712 compa-

21 1729 140 1754 ratam.

64 1772 237 1813 Proelii-ia]
261 1773 350 1803 Loca
366 1781 482 1812 prona.
506 1772 623 1803 Barth.

63 1828 103 1854 25
123 1824 289 1864 Nunquam
303 1823 422 1854 sincera
438 1822 600 1862 bonorum]
614 1824 725 1855 Nemo

21 1875 63 1907 ab
81 1875 169 1906 omni
184 1881 280 1915 parte
295 1875 425 1906 beatus.
469 1875 600 1907 Plinius
616 1875 726 1906 Pane-

21 1926 158 1967 gyrico:
183 1927 192 1943 ‘
212 1926 334 1957 Adhuc
351 1936 451 1958 nemo
466 1926 614 1966 exstitit,
629 1927 723 1968 cujus

20 1976 165 2007 virtutes
195 1977 285 2007 nullo
308 1976 466 2007 vitiorum
495 1976 640 2008 confinio
666 1978 724 2008 lae-

23 2027 208 2059 derentur.'
231 2028 327 2059 Idem.

63 2081 106 2108 26
129 2078 204 2108 Sors
220 2079 277 2109 ulli
299 2088 435 2109 concessa
457 2078 538 2118 tiro]
577 2079 639 2109 Uni
656 2089 724 2110 ma-

21 2127 90 2159 lim.
122 2133 157 2158 et
188 2128 236 2159 sic
270 2129 450 2159 Bai-thius:
497 2138 575 2158 mox
607 2129 726 2159 animus

21 2188 108 2218 quem
121 2179 272 2218 plurimus
284 2183 386 2218 ornat,
402 2188 467 2209 non
482 2179 650 2218 pulchrior,
665 2189 723 2211 sex

22 2233 168 2260 veteres.
192 2228 237 2259 D.
252 2228 365 2259 Heius.

66 2278 166 2313 Quem
205 2280 308 2309 vultus
345 2279 497 2317 honestat,
526 2280 724 2311 Dedecorant

22 2329 133 2369 mores]
178 2329 287 2361 Juxta
324 2329 546 2360 Petronium:
587 2331 595 2346 ‘
612 2340 723 2360 raram

21 2377 105 2410 facit
117 2380 298 2410 mixturam
310 2380 431 2410 Forma
444 2389 519 2410 cum
533 2380 724 2420 sapienda?

22 2428 199 2460 Terentius
217 2429 347 2460 Andria
363 2431 371 2446 ‘
388 2430 575 2460 Honestam
591 2434 626 2461 et
642 2430 724 2460 libe-

24 2477 128 2509 ralem
156 2478 307 2510 formam’
328 2480 456 2520 jungit,
483 2490 547 2521 quo
573 2481 725 2521 respexit

27 2525 245 2558 Claudianus.
271 2529 388 2559 Barth.

69 2578 109 2605 27
126 2576 255 2608 Animas
266 2589 351 2618 quem
361 2580 519 2619 pulchrior
530 2583 631 2619 ornat,
649 2581 725 2610 Cor-

23 2634 80 2665 pus
96 2626 254 2666 destituit]
276 2629 455 2660 Innumero
471 2640 551 2660 vero
569 2631 726 2670 exempla

28 2674 130 2705 animi
161 2676 374 2714 pulcherrimi
401 2680 432 2709 in
463 2678 554 2710 foedo
581 2689 725 2719 corpore

27 2724 194 2765 degentis.
238 2726 303 2757 Vel
328 2736 412 2759 unus
440 2728 559 2769 Phryx
583 2729 726 2771 AEsopus

1365 163 1475 207 1501.

773 273 907 304 divinus
935 271 1058 309 animo,
1084 277 1227 309 corpore
1257 268 1370 299 bellua
1398 270 1476 301 fuit.

773 322 828 354 Ad
840 322 1035 362 Principem
1047 324 1159 351 autem
1171 320 1372 358 Ducemque
1384 329 1479 358 egre-

774 374 865 413 gium
883 377 950 402 tam
968 370 1118 410 corporis
1136 379 1234 409 quam
1251 367 1354 398 animi
1372 366 1478 398 felici-

773 427 824 453 tas
841 421 1034 462 requiritur.
1058 419 1174 449 Barth.

816 474 857 502 28
882 470 984 501 Bellis
1010 469 1166 508 insignior
1188 468 1253 505 ille,
1281 465 1342 496 Sed
1370 475 1475 506 pacem

764 521 869 559 soedut
909 519 1010 559 vitiis]
1060 519 1193 550 Plinius
1235 516 1450 556 Panegyrico
1468 526 1474 545 ε

774 572 930 604 ‘Enituit
946 571 1067 613 aliquis
1092 572 1123 601 iu
1150 570 1263 601 bello?
1297 568 1355 600 sed
1383 568 1478 599 obso-

774 623 858 654 levit
875 623 909 653 in
935 632 1033 662 pace.
1080 621 1194 651 Alium
1220 624 1312 660 toga,
1333 619 1391 650 sed
1409 628 1476 650 non

775 677 810 704 et
826 683 916 704 arma
930 671 1173 703 honestarunt?
1198 671 1295 701 Idem.

817 727 858 755 29
876 724 942 754 Hic
952 723 1074 763 publica
1082 721 1182 761 felix]
1208 721 1286 752 Non
1299 721 1331 751 in
1345 720 1480 761 publica,

775 775 895 815 scripti
912 774 1073 815 potiores,
1089 778 1124 804 et
1148 772 1404 812 Raplielengius
1422 781 1478 802 eos

776 830 935 856 secutus:
969 825 1016 855 sic
1031 826 1039 841 ‘
1056 823 1138 854 felix
1152 822 1272 854 omnia'
1290 822 1363 863 pari
1381 822 1478 853 Grae-

776 875 881 906 cismo
905 874 995 914 apud
1010 874 1201 905 Pollionem
1219 874 1252 903 in
1270 874 1339 903 vita
1353 873 1478 903 Censo-

774 924 850 955 rini.
886 924 973 955 Vide
985 924 1127 954 Salmas.
1143 923 1185 953 ad
1204 923 1391 953 Historiam
1409 922 1478 954 Au-

773 978 916 1014 gustam,
931 984 964 1013 p.
982 976 1054 1004 324.
1079 973 1124 1003 D.
1141 973 1253 1004 Heius.

817 1025 856 1055 In
890 1023 1014 1063 publica
1045 1022 1142 1061 felix,
1169 1022 1231 1052 Sed
1258 1023 1384 1062 privata
1421 1024 1478 1053 mi-

773 1074 843 1114 nus]
866 1073 997 1103 Plinius
1010 1071 1246 1111 Panegyrico:
1280 1073 1288 1088 ‘
1307 1072 1371 1102 Ille
1389 1082 1478 1112 quae-

774 1124 874 1155 sitam
890 1123 980 1154 domi
992 1122 1133 1163 gloriam
1150 1122 1184 1152 in
1208 1121 1358 1162 publico,
1374 1121 1428 1152 liic
1444 1121 1477 1151 in

773 1175 911 1215 publico
925 1177 1057 1214 partam
1068 1172 1158 1204 domi
1172 1170 1346 1212 perdidit.'
1361 1171 1479 1202 Barth.

816 1227 857 1255 30
882 1224 1042 1254 partitum
1056 1222 1180 1261 singula
1204 1220 1364 1261 quemque]
1400 1221 1480 1251 Par-

773 1275 833 1305 tito
849 1284 891 1305 ex
909 1273 1017 1304 veteri
1040 1272 1157 1303 codice
1185 1272 1384 1302 Claverius:
1413 1271 1476 1311 pri.

773 1324 973 1362 Vaticanus,
990 1323 1115 1363 aliique
1128 1322 1320 1362 complures
1334 1322 1480 1361 partitu;

774 1374 864 1404 unde
891 1374 1009 1413 partite
1030 1372 1186 1403 Delrius:
1219 1372 1366 1412 partitim
1394 1381 1479 1412 pra*-

776 1423 1001 1454 stantis-simus
1015 1423 1144 1452 Moreti
1155 1422 1243 1452 liber
1258 1432 1267 1458 3
1292 1421 1380 1461 quod
1395 1422 1479 1452 Bar-

776 1473 881 1503 thium
929 1471 1059 1503 invenit
1112 1470 1388 1511 approbatorem.
1433 1471 1478 1502 D.

776 1523 890 1554 Heius

819 1574 859 1602 34
884 1571 923 1601 Iu
938 1574 969 1601 le
984 1570 1214 1610 mixtafluuut]
1251 1570 1412 1609 Sparsioni
1428 1579 1479 1600 ar-

776 1622 992 1662 gutestarum
1006 1620 1160 1660 opponit.
1186 1620 1382 1650 Victorinus
1400 1620 1481 1660 Epi-

776 1678 869 1704 toma
897 1673 1082 1709 Caesarum,
1111 1670 1281 1710 Trajano:
1322 1672 1330 1687 ‘
1349 1671 1478 1701 Tantus

776 1727 850 1753 erat
865 1722 898 1752 in
916 1731 956 1752 eo
973 1720 1192 1751 maximarum
1210 1729 1321 1750 rerum
1346 1719 1479 1758 modim,

776 1778 814 1804 ut
831 1773 926 1814 quasi
949 1776 1220 1812 temperamento
1245 1771 1389 1812 quodam
1415 1772 1479 1802 vir-

776 1829 868 1856 tutes
885 1824 1059 1855 miscuisse
1075 1823 1274 1854 videretur.’
1298 1823 1414 1854 Barth.

820 1876 858 1906 In
874 1878 905 1905 te
921 1875 1023 1913 mista,
1043 1874 1110 1913 δῖα]
1149 1874 1318 1904 Pacatus:
1343 1873 1479 1904 Dixisse

777 1923 935 1962 sufficiat,
961 1934 1062 1954 unum
1088 1924 1180 1954 illum
1197 1924 1360 1954 divinitus
1377 1924 1479 1954 exsti-

776 1975 868 2015 tisse,
891 1975 923 2004 in
941 1983 1006 2015 quo
1022 1974 1164 2004 virtutes
1189 1973 1283 2003 simul
1302 1982 1416 2003 onmes
1435 1972 1480 2002 vi-

776 2029 905 2064 gerent,
921 2034 995 2064 quae
1012 2024 1152 2063 singulae
1170 2024 1202 2053 in
1223 2023 1375 2053 omnibus
1393 2032 1479 2063 prae-

777 2075 947 2105 dicantur.
974 2074 1097 2104 Clacer.

819 2124 932 2156 Divisa
949 2123 1066 2162 beatos]
1112 2123 1218 2153 Prim.
1246 2123 1325 2153 Vat.
1352 2123 1477 2164 aliique

776 2175 913 2215 plurimi
925 2175 1068 2205 diversa.-
1083 2178 1116 2204 et
1127 2183 1188 2214 pro
1200 2175 1402 2205 collectatres
1418 2175 1479 2203 col-

773 2226 849 2255 Iata.
873 2224 1033 2255 Barthius
1048 2234 1091 2254 ex
1107 2224 1285 2254 Palatino:
1313 2226 1320 2240 ‘
1340 2228 1390 2263 tu,
1404 2233 1479 2264 quae

775 2275 880 2305 divisa
893 2275 1009 2306 beatos
1022 2273 1345 2313 Efficiui1t,eollecta
1360 2274 1479 2305 tenes.’

777 2326 895 2356 Nostri
908 2335 1023 2356 omnes
1040 2325 1258 2356 dissentiunt.
1283 2327 1327 2356 D.
1344 2325 1457 2356 Heius.

819 2379 860 2406 36
898 2376 1087 2407 Protendere
1109 2375 1247 2415 famum]
1288 2377 1342 2406 lta
1370 2376 1480 2416 prima

775 2425 882 2456 editio
898 2432 934 2457 et
954 2427 1041 2457 liber
1057 2427 1291 2458 FaruesianuS.
1329 2427 1383 2457 Sic
1407 2427 1415 2442 ‘
1434 2425 1480 2456 fa-

775 2486 863 2507 mam
890 2476 1077 2507 extendere
1104 2476 1216 2507 factis'
1245 2476 1333 2517 apud
1360 2476 1479 2516 virgil.

777 2527 939 2558 Lucensis
978 2532 1088 2557 tamen
1130 2528 1315 2567 caeterique
1362 2535 1477 2557 omnes

772 2579 952 2618 producere,
978 2578 1040 2607 nisi
1065 2577 1154 2618 quod
1183 2579 1214 2607 in
1241 2578 1349 2607 tribus
1374 2586 1476 2616 procc-

775 2629 857 2658 dere.
915 2629 1017 2658 Forte
1046 2630 1233 2667 procudere:
1269 2627 1346 2657 vide
1379 2630 1475 2656 notas

776 2678 833 2708 lib.
851 2687 874 2708 1.
891 2679 923 2708 in
942 2677 1052 2708 Rutin.
1067 2688 1097 2707 v.
1118 2681 1188 2709 114.
1222 2678 1319 2708 Idem.

819 2730 1008 2761 l'rotcndere
1021 2729 1159 2769 samam]
1184 2728 1346 2760 Horatius
1363 2738 1369 2757 ;
1393 2728 1401 2743 ‘
1419 2727 1476 2758 Vi-
