1859 3148
365 175 478 218 1482

367 278 564 310 Eunuchum
592 280 697 311 solum
724 281 834 311 omnia
859 283 977 321 praelia
1004 283 1061 312 im-

365 329 471 368 plere,
499 335 638 360 vacante
665 340 769 370 opera
793 336 843 362 tot
867 331 1062 363 fortissimo-

366 387 438 408 rum
453 384 488 410 et
504 380 625 410 ducum
644 386 677 411 et
695 382 853 412 militnm?
877 383 990 413 Barth.

410 430 519 469 Miles]
545 431 661 468 l’auei,
676 442 757 471 qnos
773 433 897 462 amavit
915 434 1017 471 Mars,
1031 433 1061 462 id

366 479 505 509 nominis
530 482 701 511 consecuti
719 487 806 512 sunt.
853 481 935 511 Inde
953 483 1063 522 lmpe-

366 534 458 559 rator
481 530 536 559 ille
560 531 801 560 connuiiit01n·s
819 531 916 569 dixit,
933 532 1010 571 quia
1030 537 1065 562 et

367 580 462 610 miles
485 580 599 610 haberi
629 582 752 620 voluit;
788 582 881 612 multi
900 584 987 612 enim
1006 582 1063 612 du-

367 638 436 668 ces,
465 631 563 669 pauei
589 632 723 661 milites.
772 631 965 661 Hanesane
995 632 1064 661 Rex

367 679 400 709 in
439 681 573 720 Europa
606 682 766 710 maximus
803 682 1065 721 appellationem

366 740 433 760 non
449 732 613 762 renuebat
627 732 716 770 olim,
736 742 797 762 nec
812 733 882 762 sine
899 733 1065 772 exemplo.

367 781 491 812 Exstat
508 783 594 811 enim
614 788 708 812 retus
739 784 854 812 Roma*
882 783 1067 821 inscriptio,

366 831 440 861 Stil.
455 833 496 862 V.
518 833 554 862 C.
582 838 615 862 et
632 833 794 871 inlustris,
819 833 932 861 militis
950 837 984 860 et
1001 842 1066 860 ma-

368 881 462 919 gistri
480 883 654 920 utriusque
672 882 811 911 militiau
838 882 958 910 Clarer.

413 932 535 962 'll‘rtius
551 931 635 960 urbis
653 931 815 970 Conditor]
839 933 989 961 Summus
1013 931 1068 961 ho-

369 990 441 1020 nos,
464 991 609 1012 summus
625 981 756 1017 titulus,
771 981 961 1020 adscriptus
978 981 1068 1021 apud

369 1030 497 1061 Urbem
533 1031 669 1060 Romam
709 1031 825 1069 paneis
858 1031 1005 1069 omuino,
1035 1036 1069 1062 et

369 1083 510 1113 Camillo
537 1082 718 1122 praecipue,
747 1087 782 1113 ut
804 1094 904 1123 supra
932 1084 1068 1115 (lictum.

369 1133 440 1164 Isto
469 1138 579 1163 autem
599 1143 670 1163 awo
696 1134 857 1164 narbaris
880 1139 915 1165 et
940 1135 1069 1165 Gra-cis

370 1183 704 1224 Hellespontieisque
722 1185 970 1215 adulationibus
989 1186 1071 1226 pris-

371 1244 445 1265 cam
457 1234 665 1274 disciplinam
675 1234 922 1274 frangentibus,
935 1245 998 1266 nou
1015 1235 1070 1266 ad-

369 1294 409 1315 eo
425 1285 492 1315 alte
509 1286 607 1323 situs,
625 1286 704 1325 quin
735 1286 809 1325 capi
838 1286 987 1325 potuerit
1004 1295 1070 1316 non

370 1335 501 1374 paucis.
538 1336 696 1366 Dabatnr
712 1342 822 1366 antem
840 1336 1070 1366 instauratori-

372 1385 432 1415 bus
447 1385 511 1416 iste
528 1385 630 1415 honos
655 1385 754 1416 etiam
772 1385 813 1415 ab
831 1385 904 1415 aliis
919 1385 1070 1416 urbibus.

371 1435 489 1466 Barth.

413 1487 452 1514 83
477 1484 598 1524 Byzas]
622 1483 717 1513 Unus
733 1493 751 1514 e
768 1482 984 1514 nobilissimis
1002 1484 1070 1514 He-

370 1534 484 1565 roibns
501 1534 604 1574 prisci
621 1534 696 1571 aivi,
722 1534 887 1564 Conditor
906 1534 1072 1574 Byzantii,

369 1595 443 1615 eum
470 1584 544 1624 ejus
571 1583 686 1623 oppidi
717 1584 814 1624 Ligos
844 1589 923 1614 ante
950 1594 1070 1615 nomen

370 1633 468 1664 foret.
493 1633 588 1663 Idem.

413 1687 453 1714 84
474 1684 649 1714 Producere
663 1694 759 1713 coeuas
776 1684 812 1713 In
829 1685 938 1725 lucem]
963 1685 1072 1715 Luxu-

372 1735 421 1765 ria
439 1734 561 1775 prisca,
589 1739 623 1764 et
652 1734 804 1764 omnihus
830 1735 949 1764 seculis
967 1735 1072 1765 conti-

371 1789 487 1815 nuata.
532 1785 587 1815 Sic
605 1784 733 1815 Acen-a
759 1784 849 1825 apud
868 1785 1072 1823 Martialem,

371 1836 393 1867 1.
408 1845 432 1866 1.
451 1835 567 1875 Epigr.
585 1839 634 1866 85.
659 1836 666 1850 ‘
685 1835 854 1876 Hesterno
871 1834 991 1866 foetere
1008 1845 1074 1866 me-

372 1895 409 1917 ro
438 1886 493 1927 qui
521 1886 630 1917 credit
660 1886 820 1916 Acerram
851 1887 1015 1924 Fallitur;
1041 1887 1072 1917 in

372 1937 480 1967 lucem
499 1946 633 1975 semper
651 1937 780 1966 Acerra
798 1936 906 1967 bibit.’
931 1937 1029 1967 Idem.

414 1990 453 2016 85
485 1987 600 2017 Foetere
618 1986 714 2025 mero]
740 1987 920 2018 Hesterno.

416 2038 562 2068 Plausum
581 2038 744 2078 Emturas]
779 2039 941 2070 Favorem
958 2040 1073 2079 vulga-

373 2097 454 2127 rem,
478 2098 576 2128 quem
601 2089 663 2119 hoe
691 2094 791 2128 pacto
813 2099 981 2130 nunqnam
1006 2100 1074 2120 am-

371 2137 471 2168 biisse
481 2137 629 2167 Hero'e'm
641 2148 734 2167 snum
746 2139 966 2169 Stilichonem
977 2140 1074 2170 Clau-

374 2187 493 2218 dianus
510 2187 586 2217 alihi
606 2188 727 2227 saepius
745 2193 901 2220 testatur.
925 2190 1041 2221 Barth.

414 2239 454 2267 87
470 2237 573 2267 Alieni
587 2238 737 2276 prodigus
749 2239 833 2278 auri]
849 2240 972 2269 Servus
987 2240 1074 2270 enim

373 2287 454 2317 nihil
473 2288 538 2318 tale.
558 2294 692 2327 poterat
710 2288 894 2328 possidere,
910 2294 945 2319 et
970 2290 1074 2320 invol-

375 2342 471 2369 verat
497 2339 721 2368 hereditatem
752 2339 876 2378 Rufini,
902 2340 942 2370 ad
967 2340 1073 2380 ipsum

374 2389 455 2420 nihil
472 2389 709 2430 pertinentem.
736 2390 829 2420 Idem.

418 2442 458 2469 88
483 2441 526 2470 At
542 2450 627 2468 surm·
641 2443 667 2469 (ἰ
687 2439 778 2478 uxor]
797 2440 870 2470 Una
887 2441 1074 2481 eademque

374 2489 502 2520 mulier.
549 2491 695 2518 [onrem
720 2495 845 2528 autem,
862 2497 919 2521 ant
946 2501 1005 2531 pro
1022 2502 1073 2530 ea,

375 2549 448 2570 eam
461 2539 576 2569 habuit
595 2541 786 2577 l-Innuehus,
802 2542 853 2570 vel
869 2541 909 2570 ad
925 2542 1075 2572 ‹tissimu-

375 2590 508 2620 landum
523 2599 615 2619 snam
635 2588 883 2628 infelicitatem,
904 2592 955 2621 vel
982 2597 1016 2622 et
1034 2592 1075 2622 ob

375 2639 548 2670 libidinem
576 2640 748 2669 Eunuchi»
775 2638 988 2678 familiarem,
1019 2642 1074 2682 qui

375 2688 589 2720 intentissimi
607 2690 763 2719 dicuntur
781 2696 945 2720 amatores
962 2692 1076 2721 mulie-

377 2748 464 2777 rum,
480 2739 563 2769 adeo
580 2739 665 2769 utin
689 2739 794 2769 sacris
823 2739 926 2769 ctiam
952 2741 1076 2771 litteris

378 2798 542 2822 &nmmum
555 2788 614 2820 sed
630 2798 759 2822 cassum
772 2788 975 2822 desiderium
989 2800 1077 2822 com-

608 188 747 219 NO'PAE
779 188 1041 219 VARIORUM
1077 190 1125 219 IN
1161 190 1231 219 ct..

1265 190 1447 222 CLAUD.
1482 192 1571 222 XX.

1115 288 1253 323 paretur
1280 284 1425 324 Spadoni
1456 285 1618 325 virginem
1645 287 1813 326 complec-

1116 335 1212 364 tenti.
1259 335 1300 365 Et
1318 335 1484 365 Martialis
1498 341 1648 366 scortum
1665 346 1724 367 suo
1741 347 1813 368 aevo

1115 384 1225 414 nobile
1255 386 1431 416 Eunuchos
1456 387 1589 425 aluisse,
1606 387 1723 427 quibus
1747 392 1816 418 tur-

1116 435 1171 473 pia
1187 441 1364 466 exerceret
1382 437 1452 466 sine
1470 442 1560 467 metu
1578 442 1693 476 partus
1709 446 1816 467 asser·

1117 488 1178 514 tat.
1208 485 1302 515 Idem.

1158 538 1199 565 90
1223 536 1315 575 Vota]
1342 536 1497 567 Honores
1516 537 1656 567 votivos.
1686 538 1736 567 Ex
1753 546 1814 567 usu

1116 587 1231 616 seculi.
1258 587 1352 617 Idem.

1159 638 1193 665 91
1223 637 1350 666 Samma
1365 638 1402 666 de
1418 636 1464 676 re]
1500 638 1597 667 Statu
1626 636 1765 676 Imperii
1782 641 1817 666 et

1118 686 1338 725 Reipublittw.
1374 688 1491 727 Virgil.
1512 697 1563 719 xi.
1587 690 1595 704 ‘
1615 689 1703 718 Ante
1727 687 1819 728 equi-

1118 735 1193 764 dem
1211 746 1339 765 summa
1361 737 1403 766 de
1432 748 1466 767 re
1493 738 1665 776 statuisse,
1695 737 1818 775 Latini,

1119 786 1161 814 Et
1184 787 1316 822 vellem,
1333 792 1367 816 et
1385 786 1495 816 suerat
1514 787 1656 817 melins.¹
1683 787 1778 816 Idem.

1161 836 1201 862 92
1228 834 1313 863 Huic
1326 845 1416 863 curas
1440 840 1468 864 ct
1485 837 1587 865 clausa
1600 837 1718 874 palatia
1735 846 1818 865 inan-

1117 883 1186 922 dat]
1214 883 1297 912 IIuic
1323 893 1408 913 cerus
1426 893 1484 923 pro
1512 884 1644 914 diversa
1671 884 1818 915 lectione

1118 933 1243 973 primus
1263 934 1463 964 Vaticanus.
1492 934 1536 965 D.
1556 934 1668 965 Heius.

1161 987 1200 1013 93
1229 985 1292 1014 s'eu
1316 985 1467 1014 stabulum
1484 995 1666 1024 vacuamque
1683 984 1819 1024 domum]

1125 1034 1312 1073 Vicinumque
1344 1035 1453 1064 Delrii
1480 1034 1588 1064 codex
1622 1040 1658 1065 et
1688 1045 1748 1065 sex
1777 1044 1820 1064 ex

1120 1086 1254 1115 nostris.
1279 1085 1380 1116 Ovid.
1405 1086 1467 1124 Ep.
1495 1085 1688 1116 Deianirae:
1713 1087 1722 1101 ⁴
1739 1085 1821 1125 Ipsa

1120 1135 1217 1166 domo
1251 1136 1350 1165 vidua
1384 1136 1469 1166 votis
1508 1140 1649 1175 operata
1688 1135 1821 1174 pudicis

1119 1186 1314 1227 Torqueor!
1336 1187 1476 1224 Statius,
1493 1185 1613 1216 Achill.
1630 1194 1668 1216 11.
1692 1186 1700 1201 ‘
1717 1184 1822 1215 dilec-

1121 1241 1154 1267 ta
1172 1237 1211 1266 ad
1231 1237 1351 1267 mornia
1368 1238 1477 1267 vultus
1496 1236 1655 1266 Declinat
1672 1235 1822 1265 viduam-

1122 1297 1184 1327 que
1199 1287 1356 1318 domum.'
1380 1287 1480 1326 Apud
1496 1286 1673 1326 Virgilium
1691 1290 1820 1316 tamen:

1121 1337 1129 1352 ⁴
1148 1336 1225 1366 Sola
1241 1336 1336 1366 domo
1353 1341 1473 1366 moeret
1495 1345 1614 1374 vacua,
1639 1336 1821 1376 stratisque

1121 1386 1246 1415 relictis
1263 1386 1432 1416 Ineubat.’
1458 1387 1556 1416 Idem.

1165 1435 1283 1473 Magna
1309 1434 1390 1464 tueri
1419 1434 1527 1472 Regna
1553 1432 1644 1472 nihil]
1669 1434 1825 1474 Vanitas,

1121 1483 1180 1521 ait,
1212 1483 1243 1512 in
1274 1483 1455 1513 ambitione
1479 1482 1582 1512 etiam
1617 1493 1823 1514 summorum

1122 1533 1345 1573 Imperiorum
1371 1539 1434 1572 est,
1460 1544 1535 1574 qnae
1565 1535 1656 1564 nullo
1686 1537 1822 1576 negotio

1122 1583 1224 1613 ctiam
1252 1593 1270 1613 a
1298 1583 1465 1613 vilissimis
1490 1584 1676 1615 hominibus
1702 1586 1823 1625 guber-

1123 1639 1258 1665 nantur.
1282 1634 1394 1664 Barth.

1165 1687 1204 1713 97
1230 1684 1361 1723 Jamque
1388 1684 1449 1714 iter
1474 1684 1506 1714 in
1528 1685 1648 1722 gremio
1667 1685 1767 1727 pacis]
1793 1686 1823 1716 E

1120 1734 1240 1771 gremio
1268 1734 1363 1773 prim.
1380 1733 1567 1764 Vaticanus
1582 1745 1589 1764 ι
1609 1735 1711 1765 etiam
1727 1735 1824 1766 Oise-

1124 1784 1232 1814 lianns
1246 1793 1264 1813 a
1282 1793 1380 1814 mann
1399 1784 1516 1824 prima.
1544 1785 1596 1815 De
1607 1786 1726 1824 gremio
1739 1786 1827 1825 pacis

1124 1835 1200 1866 vide
1218 1836 1280 1866 hoc
1300 1836 1372 1866 loco
1386 1836 1573 1866 Barthium.
1606 1837 1649 1866 D.
1670 1837 1779 1868 Heius.

1168 1886 1235 1916 Iter
1250 1886 1280 1916 in
1295 1886 1415 1925 gremio
1428 1886 1529 1925 pacis]
1564 1885 1737 1916 Altissima
1753 1887 1825 1927 qni·

1125 1941 1190 1968 ete.
1252 1937 1339 1967 Nam
1376 1946 1436 1976 pro
1470 1939 1583 1966 secreta
1609 1936 1825 1975 profunditate

1125 1988 1289 2028 gremium
1302 1988 1420 2018 dicunt
1437 1988 1629 2027 scriptore&
1654 1988 1768 2019 Barth.

1167 2040 1208 2067 98
1230 2038 1370 2078 Ancyra]
1403 2037 1493 2067 Urbs
1527 2037 1826 2077 Constantinopoli

1125 2092 1254 2117 remota
1289 2088 1391 2117 millia
1424 2097 1579 2127 passuum
1611 2096 1766 2118 CCLxxx.
1792 2092 1826 2118 et

1123 2138 1211 2178 quod
1229 2138 1392 2169 excurrit.
1431 2138 1480 2167 Eo
1499 2137 1678 2167 traducere
1696 2137 1825 2168 solenni

1124 2188 1245 2218 itinere
1260 2197 1414 2228 pompam
1429 2197 1520 2217 snam
1535 2188 1668 2217 solitum
1686 2188 1824 2218 Ineunte

1125 2249 1218 2278 vere,
1236 2245 1273 2270 nt
1301 2240 1433 2269 seilicet
1458 2248 1532 2268 sese
1554 2248 1710 2278 magnum
1736 2237 1826 2269 face-

1124 2294 1187 2327 ret,
1205 2289 1324 2320 scribit
1342 2294 1466 2318 noster.
1493 2289 1590 2318 Idem.

1167 2342 1208 2370 99
1246 2337 1375 2377 I'elagi]
1414 2338 1452 2368 In
1484 2339 1581 2378 cujus
1615 2339 1728 2379 capite
1760 2338 1826 2370 sita

1126 2388 1444 2428 Constantinopolis
1471 2388 1567 2418 Idem.

1170 2443 1228 2470 100
1241 2439 1436 2470 Discnrsibus
1446 2439 1551 2479 crs-tas]
1570 2440 1644 2469 Non
1655 2442 1732 2469 <elas
1746 2448 1825 2470 vere

1125 2490 1240 2530 scripti
1258 2490 1432 2519 meliores:
1472 2489 1627 2529 sequenti
1647 2498 1744 2519 versu
1765 2498 1825 2528 pro

1124 2541 1212 2570 laude
1230 2539 1328 2570 iidem
1346 2541 1439 2569 mole:
1463 2540 1630 2580 quomodo
1645 2539 1826 2579 legendum

1126 2591 1158 2619 in
1177 2589 1480 2619 Observationibus
1500 2590 1571 2628 jam
1594 2590 1722 2619 monuit
1739 2589 1826 2619 Gro-

1126 2641 1250 2671 novius.
1286 2640 1356 2670 Val.
1386 2640 1537 2675 Flaeeus,
1565 2640 1584 2669 l.
1614 2649 1644 2669 v.
1668 2640 1676 2654 ‘
1694 2639 1826 2678 Cernis,

1127 2692 1186 2730 ait,
1203 2691 1355 2730 (tou-hos,
1381 2700 1497 2729 magna
1515 2700 1596 2730 quos
1624 2691 1711 2720 mole
1729 2695 1824 2730 peta-

1127 2741 1225 2771 mus?
1264 2742 1351 2771 stat.
1382 2741 1492 2771 Theb.
1521 2750 1587 2772 vu.
1622 2743 1631 2758 ‘
1660 2739 1826 2773 Librabat

1127 2800 1248 2832 magna
1276 2796 1452 2823 venturam
1482 2791 1569 2822 mole
1605 2788 1824 2832 cupressum?
