1859 3148
333 118 446 160 1724

337 220 460 260 sidera,
477 226 512 252 et
539 222 698 262 quicquid
728 221 760 251 in
790 221 875 251 coelo
899 228 962 260 est,
979 222 1033 253 ba-

336 271 411 302 buit
432 271 620 302 imitatione
643 281 863 311 expressum3
890 272 948 302 sed
976 273 1034 303 eti-

336 329 389 350 am
416 326 527 351 motus
566 321 654 360 ipsos
694 312 862 358 coelestes,
888 321 1034 352 siderum

335 374 428 401 ortus
453 377 488 401 et
514 380 648 400 occasus
673 371 746 410 pari
775 371 848 410 iege
870 382 909 402 ac
936 372 1034 403 disci-

336 420 429 460 plina
455 420 733 459 repraesentavit:
758 421 837 461 quid
864 423 952 453 enim
971 423 1034 454 illis

337 470 446 500 verbis
464 469 647 499 disertius?
671 471 679 486 ‘
700 470 854 501 Inclusus
875 473 972 503 variis
989 473 1035 504 fa-

336 520 480 550 mulatur
496 519 636 557 spiritus
654 520 767 558 astris,
783 521 827 551 Et
842 522 951 553 vivum
966 533 1036 553 cer-

337 570 379 600 tis
395 569 541 599 motibus
555 574 656 609 urget
676 571 783 610 opus,'
803 574 866 604 Sec.
903 573 1035 605 Salmas.

338 618 426 649 Plin.
445 618 584 648 exercit.

381 670 396 697 l
428 667 531 706 Viti-o]
562 669 687 700 Mirum
711 670 738 700 si
765 671 852 702 vitro
880 671 968 702 facta
998 682 1037 703 ea

338 717 480 757 sphaera.
530 719 691 757 Ligneam
718 728 884 752 memorat
912 722 1037 753 Sextus

338 768 526 807 Empiricus
558 774 679 800 contra
708 771 970 803 mathematicos
1001 773 1037 803 li-

338 817 398 847 bro
416 827 465 849 xx.
494 819 610 850 Barth.

381 871 398 897 5
428 869 721 910 Rerumquefidem]
753 871 996 902 Constantiam.

380 918 539 959 Legesqne
575 921 727 960 virorum]
768 921 834 951 Alii
871 923 1036 962 legemque.

339 968 446 999 Aldus
465 974 499 1000 et
517 975 585 1000 tres
603 981 643 1000 ex
659 971 782 1001 nostris
800 972 937 1011 legesque
956 972 1038 1001 Deo-

340 1029 426 1049 rum:
467 1020 633 1060 quomodo
661 1026 695 1050 et
727 1022 910 1058 Cluverius,
938 1026 1039 1062 atque

340 1068 433 1099 ilium
476 1076 611 1100 secutus
660 1071 923 1111 Rupbelengius‚
965 1081 1040 1111 pro-

341 1117 433 1149 fante
451 1120 601 1150 Barthio.
636 1121 757 1151 Posset
774 1121 988 1151 nibilominus
1007 1126 1041 1151 ct

342 1169 443 1199 scribi
460 1170 612 1209 legemque
625 1171 765 1206 dierum;
786 1171 935 1211 quamvis
953 1171 1041 1211 apud

343 1217 488 1248 Plinium
516 1218 557 1249 de
582 1219 834 1249 Matliematicis
851 1230 857 1249 :
882 1221 890 1235 ‘
907 1220 979 1249 Viri
995 1221 1043 1250 in-

344 1272 655 1308 gentes,s11praque
678 1269 869 1299 mortalium
888 1274 1042 1300 naturam

545 129 686 159 NOTAE
722 128 982 158 VARIORUM
1019 128 1065 158 IN
1104 129 1176 159 CL.
1211 130 1390 161 CLAUD.
1424 131 1571 161 Lxlx.

1089 227 1258 254 tantorum
1276 225 1446 255 numinum
1464 225 1537 264 lege
1554 224 1788 265 deprehensa!

1090 274 1171 303 Mox
1189 274 1372 314 Syracosius
1387 286 1496 305 εγω-,Ἱκ-
1516 286 1591 305 nam
1609 275 1791 316 Syracusius

1090 330 1210 363 peccat
1228 325 1259 354 in
1277 331 1432 356 metrum.
1467 326 1508 356 D.
1526 326 1637 357 Heius.

1132 375 1286 414 Legesque
1311 376 1462 415 Deorum]
1487 377 1617 409 Quibus
1641 377 1703 416 ipsi
1730 376 1790 407 Dii

1091 424 1360 463 adstringuntur.
1395 426 1439 456 Hi
1454 427 1541 456 enim
1560 427 1734 463 gentilium
1749 427 1791 458 ab

1091 480 1256 505 astrorum
1281 481 1314 506 et
1342 476 1456 506 muudi
1485 477 1613 517 iegibus
1643 477 1792 517 pendere

1092 523 1319 562 fingebantur.
1355 526 1470 556 Barth.

1135 576 1155 602 6
1180 574 1361 613 Syracusius
1383 575 1490 614 senex]
1525 577 1652 607 Notum
1676 586 1792 607 senum

1092 623 1226 653 nomine
1255 625 1383 653 censeri
1409 625 1662 665 disciplinarum
1687 631 1794 657 secta-

1093 682 1231 712 rumque
1255 672 1469 704 Couditor'es.
1514 675 1569 704 Sic
1602 676 1795 713 Magistrum

1094 722 1294 762 Syracusium
1311 723 1455 753 eundem
1480 723 1720 755 Archimedem
1738 735 1797 766 ap·

1094 772 1200 811 pellat
1217 772 1423 805 Priscianus.
1463 775 1557 805 Idem.

1136 823 1155 850 7
1190 822 1377 853 Fumulutur
1404 824 1535 863 spiritus
1561 824 1672 864 astris]
1719 825 1796 856 Hoc

1094 872 1182 902 omni
1207 883 1278 903 aevo
1307 873 1506 905 inimitabile
1533 874 1727 906 Archimedi
1750 875 1798 905 in-

1094 923 1228 962 genium
1244 928 1471 955 commentum
1495 924 1596 956 fuisse
1619 926 1724 956 tradit
1742 935 1797 956 an-

1095 972 1244 1013 tiquitas.
1280 975 1378 1004 Idem.

1135 1026 1155 1052 9
1180 1024 1346 1062 Proprium
1376 1025 1502 1065 mutum]
1532 1025 1587 1056 An
1610 1024 1799 1065 properum?

1094 1073 1140 1103 D.
1161 1072 1280 1103 Heius.

1140 1126 1178 1152 12
1203 1123 1350 1153 Humana
1372 1123 1486 1163 mente]
1521 1125 1605 1156 Quae
1623 1123 1738 1154 divina
1767 1133 1800 1154 a-

1098 1171 1225 1211 lioquin
1243 1172 1459 1211 regebantur.
1488 1173 1580 1203 Deus
1598 1173 1686 1203 enim
1703 1182 1798 1204 mens

1098 1220 1224 1252 mundi.
1260 1221 1377 1253 Barth.

971 1455 1159 1497 LXIX.

709 1598 778 1639 19,
834 1596 901 1638 De
926 1596 1142 1653 Polycaste
1162 1607 1199 1639 ct
1224 1598 1434 1642 Perdicca.

389 1721 448 1752 Sic
472 1723 627 1754 meliores
649 1723 738 1754 libri.
785 1724 976 1756 Illustravit
999 1725 1046 1756 fa-

346 1773 459 1804 bulam
487 1783 529 1805 ex
559 1775 738 1815 Fulgentio
764 1776 936 1807 Barthius.
977 1777 1046 1807 Pro

346 1833 470 1854 munere
485 1825 580 1863 cogit,
597 1835 615 1856 e
641 1826 706 1857 Ms.
725 1826 902 1857 Ciaverins
924 1827 1047 1858 numine

345 1875 447 1912 cogat,
460 1880 496 1903 ut
514 1878 550 1904 et
571 1874 750 1914 Gyraldin.
775 1880 809 1906 et
828 1876 883 1906 alii
901 1877 1047 1907 melioris

346 1926 453 1952 notae:
482 1925 601 1955 nomine
628 1925 791 1956 Rottend.
824 1935 885 1965 pro
910 1927 1046 1966 vulgata

346 1972 513 2011 scriptura
529 1978 597 2004 stat
613 1974 779 2006 Bartliius.
804 1975 973 2006 Martialis
991 1977 1048 2006 illa

345 2024 497 2062 respexit
521 2025 609 2056 libro
638 2035 670 2056 v.
699 2027 815 2066 Epigr.
846 2030 899 2057 49.
931 2028 939 2043 ‘
957 2028 1047 2060 Quid

346 2083 412 2104 non
429 2075 521 2114 cogit
537 2077 664 2106 amor?
689 2077 757 2107 Pro
781 2077 939 2118 affectum,
953 2079 1046 2119 qffec-

345 2127 381 2153 tu
395 2123 502 2154 videri
516 2125 696 2164 legendum
710 2137 810 2167 supra
825 2129 949 2160 monui.
973 2131 1048 2161 San-

344 2174 451 2212 guinis
479 2175 626 2215 uffeclum
657 2187 716 2216 pro
743 2184 896 2210 materno
920 2179 1046 2212 affectu

347 2224 463 2264 ponit;
489 2235 550 2256 nec
576 2227 713 2266 vulgata
740 2233 852 2259 tamen
880 2231 1048 2270 scriptura

346 2274 576 2314 incommoda3
593 2276 635 2307 de
649 2287 714 2317 qua
729 2278 883 2309 videatur
896 2280 958 2310 boc
975 2280 1048 2311 loco

347 2324 531 2356 Bartbius:
567 2326 625 2356 sed
658 2332 772 2358 nostra
801 2330 936 2359 omnino
963 2339 1048 2369 prae—

349 2378 427 2405 stat.
475 2375 552 2405 Non
583 2377 669 2406 enim
700 2378 761 2407 boc
790 2379 874 2417 vult,
904 2385 1048 2409 matrem

349 2424 499 2455 timuisse
527 2436 637 2456 amare
662 2426 781 2466 filium,
810 2429 868 2458 sed
899 2429 1048 2459 timuisse

350 2484 425 2505 eum
461 2485 573 2506 amare
608 2475 733 2507 affectu
772 2482 938 2517 materno,
975 2488 1048 2509 cum

352 2531 481 2557 amaret
506 2527 695 2559 libidinose.
743 2529 835 2559 Male
857 2539 962 2559 amara
991 2539 1050 2569 pro

351 2584 454 2606 amare
468 2577 652 2608 Cluverius.
691 2579 733 2608 D.
749 2578 860 2609 Heius.

396 2625 558 2656 Fabulam
597 2626 673 2657 vide
710 2628 799 2668 apud
835 2628 1049 2669 Fulgentium

355 2674 545 2717 Mytholog.
563 2677 584 2709 l.
602 2685 656 2709 ιιι.
672 2687 701 2709 c.
717 2680 747 2710 2.
787 2677 900 2710 Barth.

1146 1731 1159 1757 l
1190 1728 1399 1759 Flammarum
1425 1730 1562 1770 numine]
1585 1730 1658 1762 Nos
1680 1732 1803 1763 numine

1092 1777 1305 1816 flammarum,
1332 1784 1441 1810 totum
1463 1780 1551 1811 enim
1578 1790 1712 1821 numen,
1729 1787 1803 1813 tota

1101 1827 1150 1857 vis
1170 1828 1289 1858 amoris
1318 1829 1351 1859 in
1379 1828 1532 1868 flammis,
1555 1831 1674 1872 quibus
1690 1832 1804 1863 onmia

1100 1876 1188 1907 illius
1204 1887 1297 1908 arma
1314 1885 1483 1910 constant.
1514 1880 1610 1912 Idem.

1148 1926 1231 1961 Quia
1259 1938 1316 1958 nou
1347 1940 1445 1960 scetus
1475 1931 1572 1961 Amor
1603 1931 1804 1971 flammarum

1102 1987 1224 2007 munere
1236 1982 1323 2017 cogat
1334 1978 1348 2010 2
1363 1980 1535 2019 Sanguinis
1547 1981 1694 2021 affectum
1706 1985 1805 2013 muter

1102 2037 1205 2058 amare
1220 2029 1321 2067 timet,
1335 2030 1403 2069 [sc]
1428 2030 1589 2061 Fabulam
1614 2032 1724 2071 tangit
1740 2031 1806 2072 hic,

1103 2086 1175 2117 quae
1201 2078 1274 2108 talis
1301 2084 1374 2109 est:
1401 2080 1567 2110 Perdicca
1590 2080 1687 2111 initio
1704 2090 1805 2111 vena-

1103 2132 1157 2158 tor
1184 2127 1261 2167 fuit,
1287 2130 1340 2160 cui
1370 2140 1443 2161 cum
1468 2136 1644 2160 cruentum
1673 2131 1805 2162 institu-

1103 2183 1173 2208 tum
1201 2184 1236 2209 et
1264 2179 1410 2209 solitudo
1435 2179 1616 2218 displicere
1632 2180 1806 2219 coepisset,

1103 2233 1136 2259 et
1166 2229 1359 2259 continuum
1384 2229 1541 2259 currendi
1568 2229 1738 2261 studium:
1769 2235 1805 2261 et

1104 2287 1177 2307 cuin
1190 2278 1321 2309 videret
1333 2278 1510 2318 Actaeona,
1524 2279 1706 2317 Adonium,
1720 2280 1807 2321 Hip-

1104 2329 1267 2368 polytum,
1291 2329 1370 2359 alios
1395 2329 1465 2369 ejus
1482 2330 1529 2359 rei
1547 2329 1713 2360 studiosos
1730 2339 1806 2371 pes·

1104 2378 1184 2408 sime
1216 2379 1408 2417 interiisse3
1457 2379 1635 2410 venatione
1675 2385 1803 2420 spreta,

1105 2429 1318 2468 agriculturae
1343 2440 1378 2460 se
1405 2430 1561 2467 dedisse;
1585 2440 1650 2471 quo
1672 2430 1805 2462 nomine

1104 2484 1230 2510 terrain
1247 2480 1342 2520 quasi
1369 2486 1510 2511 matrem
1528 2480 1636 2511 fertur
1653 2481 1806 2513 adamas-

1107 2539 1154 2567 se,
1174 2539 1239 2569 quo
1255 2530 1368 2560 labore
1385 2535 1616 2570 consumptus,
1633 2531 1738 2562 macie
1753 2535 1807 2562 est

1106 2579 1303 2611 confectus:
1333 2585 1477 2611 matrem
1508 2582 1635 2622 quippe
1662 2582 1805 2622 Polycas-

1104 2633 1157 2660 ten
1182 2630 1347 2669 vocitant,
1375 2640 1450 2671 quae
1485 2631 1654 2671 polycarpe
1678 2642 1696 2663 a
1719 2631 1805 2663 sruc-

1106 2685 1201 2712 tuum
1230 2681 1328 2723 copia
1355 2685 1406 2712 est
1433 2682 1682 2722 interpretata:
1715 2687 1805 2713 terra
