1859 3148
321 111 434 153 1736

321 215 431 245 diuus.
457 216 614 246 Barthius
632 215 807 246 Dominum.
831 215 902 246 Pro
915 215 1019 246 crimi-

318 275 360 295 πα
388 266 460 296 vine
492 267 588 306 prim.
618 266 730 296 Vatic.
768 266 879 296 saecula
917 269 1018 298 terrae.

320 314 431 346 Idem.

362 369 383 396 6
421 367 642 406 Hominemque
663 364 780 404 fateri]
826 365 1017 397 Humanam

319 421 487 447 naturam.
512 417 564 446 Sic
580 417 611 445 in
625 415 741 445 Laude
754 415 901 446 Christi:
926 420 934 434 ‘
948 427 1018 447 cor—

316 466 411 507 poris
436 466 533 504 hujus
557 465 746 495 Dissimiles
772 464 927 504 perferre
952 475 1018 496 mo-

321 515 395 554 dos,
412 515 645 554 hominemque
663 514 797 546 subire!
818 515 932 546 Barth.

361 568 379 596 7
420 565 574 603 Quemque
602 567 686 594 utero
717 566 882 607 inclusum]
920 567 1018 602 Quem

315 614 404 645 ‘ccrbo
426 620 589 654 excerpta
606 614 684 645 Put.
709 620 742 646 et
769 615 875 646 Aldus
904 621 937 646 et
956 618 1017 646 Lu-

316 674 408 695 cens.
421 670 453 694 et
467 664 646 703 Pomponii
657 666 739 695 Laeti
751 666 902 696 schedae:
929 665 1017 696 sorte

321 715 400 745 Tene
415 717 510 744 utero.
556 713 624 744 Pro
647 715 770 745 numine
797 715 869 753 riso,
892 715 1017 754 lumine,

317 764 460 804 Gyrald.
480 765 622 794 Luceus.
637 764 744 802 angele
757 763 819 793 riso
833 769 993 804 corrupte
1007 775 1015 802 ;

314 813 481 854 quomodo
498 820 531 844 et
545 814 724 854 Pomponii
738 816 822 846 Laeti
835 821 1015 856 excerpta:

313 864 370 894 alii
402 865 552 895 nonnulii
580 866 697 903 angelo.
744 865 773 897 A
800 867 907 906 primo
924 866 1018 897 Vati-

314 923 411 952 cano,
427 919 459 944 et
477 914 672 955 quibusdam
689 920 857 955 praeterea
873 916 926 946 hic
946 926 1017 947 ver-

312 974 366 995 sus
395 965 531 1003 aberat3
566 975 665 1006 quom
694 966 853 997 Barthius
884 977 1016 1007 qnoque

314 1019 433 1045 censet
449 1015 633 1045 tollendum
651 1025 734 1046 csse.
758 1017 800 1046 1).
819 1017 930 1047 Heius.

357 1068 376 1095 8
406 1065 545 1104 Virginei
574 1065 728 1104 tumuere]
777 1067 919 1097 Timuere
949 1067 1013 1097 Ra-

313 1114 526 1154 phelengius,
552 1119 588 1145 ut
618 1116 760 1146 Luceus.
789 1121 823 1147 et
852 1116 917 1147 duo
946 1117 1012 1148 alii.

314 1164 425 1195 Oxou.
455 1167 600 1198 tenuere,-
634 1163 723 1196 forte
755 1175 817 1205 pro
847 1170 1011 1197 tremuere:

311 1219 383 1253 opt.
407 1213 563 1244 Ambros.
588 1214 775 1247 intumuere.-
813 1216 937 1246 Pricaei
957 1226 1013 1255 pa-

311 1267 410 1294 tuere.
435 1264 544 1293 Idem.

356 1316 396 1343 10
420 1312 573 1343 Blortalia
588 1313 694 1352 corda]
719 1313 860 1344 Membra
872 1314 1013 1354 Gyraid.

313 1362 410 1393 Idem.

355 1415 393 1443 ll
421 1411 579 1452 Artificem
595 1412 717 1453 texere]
752 1413 874 1444 Fudere
888 1413 1011 1454 Isingr.

310 1466 346 1493 et
358 1471 416 1492 sex
431 1471 472 1493 ex
486 1463 620 1494 nostris.
638 1463 752 1494 Oxou.
765 1473 879 1503 cepere.
905 1464 1011 1496 luem.

343 1513 457 1543 Mundi
472 1513 626 1554 repertor]
638 1513 765 1554 Opifex,
780 1514 1011 1554 Excogitator.

311 1563 428 1594 Barth.

355 1615 394 1643 12
416 1613 585 1654 Latuitque
600 1614 654 1644 sub
669 1613 744 1654 imo]
772 1614 840 1645 Uno
855 1613 961 1645 Aldus
976 1618 1011 1646 et

309 1662 455 1703 scripti,
480 1663 585 1695 bene:
622 1664 699 1695 vide
717 1665 824 1695 Notas
847 1665 906 1696 lib.
923 1673 961 1696 ιι.
978 1665 1011 1696 ἰη

310 1713 454 1753 Eutrop.
473 1715 547 1745 285.
564 1713 734 1754 quomodo
751 1719 785 1745 et
810 1715 948 1745 Delrins
968 1715 1009 1746 ad

309 1763 472 1794 Senecam
489 1767 524 1794 et
546 1763 706 1795 Barthius
731 1765 820 1796 curis
841 1765 1010 1797 secundis.

310 1812 359 1843 D.
378 1812 492 1844 Heius.

353 1864 390 1892 15
416 1862 484 1894 Nec
508 1862 645 1902 capitur]
682 1863 751 1894 Non
779 1863 845 1895 duo
874 1864 1011 1896 Floren-

309 1912 370 1944 tini
387 1923 395 1952 ς
419 1912 507 1954 quod
523 1912 704 1945 effioacius.
728 1914 826 1945 Idem.

519 123 659 153 NOTAE
694 122 959 153 VARIORUM
993 122 1044 152 IN
1077 122 1153 153 01..
1186 123 1368 153 CLAUD.
1401 122 1579 154 XCVIII.

1117 218 1156 246 16
1184 215 1267 251 Quin
1283 220 1311 246 et
1328 215 1469 256 supplicii
1492 213 1613 254 nomen]
1649 213 1770 255 Suppli-

1071 266 1151 296 cium
1168 276 1276 297 uumen
1302 276 1385 296 unus
1402 267 1555 296 Florent.
1589 265 1769 304 supplicium
1782 264 1790 269 ⁵

1070 325 1175 346 nomen
1203 317 1332 347 Buslid.
1359 316 1540 355 supplicium
1565 316 1674 345 mortis
1695 314 1770 344 Pri-

1071 375 1225 397 caeanus:
1265 366 1411 406 mancipii
1438 375 1544 395 nomen
1583 374 1624 395 ex
1662 363 1770 394 veteri

1071 415 1155 446 libro
1180 416 1362 446 Clavcrius.
1408 415 1476 445 Pro
1503 424 1656 454 uerusque
1682 413 1769 445 sorte

1071 475 1238 505 noxasque,
1265 466 1291 495 si
1308 465 1344 495 τὸ
1361 464 1506 504 mancipii
1523 474 1586 494 nou
1604 463 1770 494 admittis.

1073 514 1142 545 Pro
1152 515 1320 555 surriperes
1331 516 1448 555 scripti
1463 515 1613 556 plerique
1627 515 1769 554 eriperes.

1072 566 1181 596 Idenn

1115 618 1155 645 19
1188 615 1330 653 Purgato
1359 618 1498 655 repetens
1527 617 1630 646 latum
1660 616 1770 645 tellure

1069 664 1242 704 parentem]
1271 666 1396 705 Repetis
1412 667 1520 695 tellure
1536 675 1578 695 ex
1595 665 1700 695 veteri
1718 674 1772 695 co-

1072 715 1147 744 dice
1164 715 1352 754 Claverins,
1365 714 1455 755 quod
1471 719 1505 745 et
1520 714 1770 754 Rapheleugius

1072 769 1226 794 secutus:
1252 765 1358 795 nostri
1381 764 1518 795 codices
1544 765 1660 795 aliter:
1687 773 1769 795 imus

1072 814 1143 844 heta
1160 817 1190 844 te
1205 815 1280 845 luce.
1326 814 1409 844 Mox
1432 815 1590 853 Augustos
1601 813 1711 850 sot-eas
1727 823 1770 845 ex

1074 863 1232 893 Palatino
1249 863 1422 903 Barthius,
1438 868 1473 894 et
1486 863 1648 894 celebrent.
1687 863 1770 894 Post

1070 912 1158 942 huuc
1186 921 1317 942 versum
1345 913 1486 951 margini
1516 913 1549 943 in
1578 923 1642 944 uno
1670 913 1773 944 Peta-

1071 963 1167 993 viano
1180 963 1356 1002 sequentia
1365 962 1536 1002 adscripta
1548 962 1767 1002 legebantur:

1070 1015 1275 1045 ErGLERus
1299 1023 1425 1044 comm.
1475 1015 1503 1044 Ο
1526 1018 1614 1054 pater
1637 1015 1771 1055 omnipo-

1068 1067 1135 1094 teus
1157 1065 1227 1094 celsi
1253 1065 1426 1094 dominator
1451 1065 1590 1104 Olympi,
1623 1066 1651 1094 O
1678 1066 1771 1094 terrae

1065 1114 1227 1153 pelagique
1243 1117 1340 1151 sator,
1357 1114 1410 1153 qui
1425 1114 1547 1143 sedibus
1562 1113 1635 1143 otim
1653 1114 1770 1144 Missus

1067 1163 1104 1191 ab
1121 1163 1275 1201 (ethereis,
1302 1163 1434 1192 humano
1449 1173 1573 1202 corpore
1588 1163 1671 1194 nasci
1698 1163 1769 1195 Non

1067 1212 1258 1250 indignatus,
1274 1212 1366 1241 coedIs
1381 1212 1569 1243 cruciatibus
1583 1216 1660 1243 atrae
1683 1214 1770 1244 Mor-

1067 1262 1144 1290 tales
1160 1261 1245 1290 aridi
1260 1262 1391 1300 rapuisti
1408 1262 1576 1298 esaucibus
1591 1264 1665 1295 orci.
1704 1265 1769 1295 Di-

1066 1311 1135 1348 rige
1152 1312 1217 1341 cela
1230 1322 1358 1350 precor:
1381 1323 1471 1343 curro
1485 1313 1627 1344 diducere
1642 1317 1769 1356 rectum,

1068 1361 1233 1401 Densaque
1250 1362 1388 1393 Romulei
1402 1363 1578 1402 dignoscere
1585 1363 1660 1401 jura
1677 1366 1771 1396 Sena-

1065 1414 1116 1441 tus
1143 1411 1272 1450 Ingenio
1285 1413 1434 1452 permitte
1450 1423 1513 1444 meo
1526 1426 1536 1445 .-
1559 1425 1616 1454 qua
1641 1415 1706 1445 luce
1723 1425 1768 1446 re—

1061 1465 1151 1501 perta
1172 1462 1232 1492 Fas
1249 1463 1325 1492 mihi
1341 1463 1380 1492 sit
1394 1463 1515 1503 populis
1528 1467 1663 1494 reserata
1676 1466 1770 1495 resol-

1065 1512 1227 1552 rerejuru,
1240 1513 1342 1552 Atque
1357 1514 1438 1543 iuter
1450 1513 1573 1543 nebulas
1586 1514 1685 1552 legum
1702 1515 1769 1553 ‹lig-

1063 1571 1185 1592 uosccre
1202 1571 1318 1592 causas.
1344 1563 1469 1593 Caeteri
1487 1573 1613 1604 versus,
1632 1569 1667 1594 ut
1681 1564 1768 1595 Laus

1066 1618 1099 1643 et
1120 1614 1287 1644 Miracula
1299 1615 1438 1653 Christi,
1453 1615 1540 1645 Laus
1554 1615 1722 1655 Herculis,
1733 1620 1769 1647 et

1067 1664 1099 1694 iu
1117 1665 1269 1703 Sirenas,
1287 1665 1384 1695 nullis
1403 1664 1435 1694 in
1453 1664 1670 1704 membranis,
1684 1675 1766 1706 quas

1066 1714 1285 1754 inspexerim,
1302 1719 1432 1754 extant,
1449 1724 1511 1745 nec
1526 1715 1610 1746 tanti
1628 1721 1718 1755 suut,
1730 1719 1769 1747 ut

1067 1776 1141 1796 cum
1171 1775 1252 1796 cura
1281 1766 1397 1796 excuti
1426 1775 1465 1796 ac
1495 1766 1682 1796 examinari
1709 1765 1768 1797 ‹le-

1067 1816 1180 1846 beant.
1221 1816 1353 1856 Opinor
1367 1826 1406 1847 ea
1419 1816 1531 1847 omnia
1545 1827 1585 1847 ex
1599 1817 1767 1850 Camenis

1066 1870 1204 1898 vetusto
1221 1866 1340 1898 codice
1357 1866 1535 1908 prodiisse.
1560 1867 1659 1899 Idem.

920 2033 1153 2077 XCVIII.

816 2134 887 2175 48.
940 2132 1053 2176 Laus
1089 2135 1257 2177 Christi.

351 2220 481 2253 Neon:
498 2218 585 2251 istud
605 2230 713 2261 neque
731 2231 871 2262 sequens
885 2223 928 2254 de
943 2224 1009 2254 Mi-

306 2271 430 2301 raculis
448 2275 623 2311 comparet
650 2271 682 2301 in
707 2272 910 2304 membranis
938 2285 1009 2305 nos-

308 2319 381 2350 tris.
428 2320 526 2350 Istud
557 2327 669 2351 tamen
698 2332 740 2352 ex
773 2323 1008 2364 antiquissimo

306 2368 424 2400 codice
441 2379 475 2399 sc·
493 2370 678 2401 Claudiano
695 2381 843 2403 asserere
862 2378 1009 2404 testatur

305 2418 404 2450 Joan.
418 2418 557 2449 Camers
570 2420 600 2449 in
615 2420 684 2450 vita
697 2421 826 2461 Poeta,
838 2423 931 2462 cujus
942 2423 1010 2453 edi·

306 2468 433 2500 tionem
457 2469 506 2500 liis
531 2470 713 2509 Opusculis
739 2481 937 2512 comparare
955 2483 1010 2503 ne·

306 2518 486 2559 quivimus.
532 2520 667 2550 Pariter
692 2530 801 2561 neque
826 2522 942 2562 Belga:
969 2523 1008 2553 li-

306 2569 372 2608 bri,
383 2579 444 2601 nec
455 2570 571 2601 Aidiui
582 2571 645 2601 hoc
660 2581 795 2602 carmen
809 2577 1007 2612 agnoscunt.

309 2619 435 2661 Utique
455 2625 568 2652 tamen
587 2621 763 2652 Claudiani
789 2627 852 2657 est,
878 2632 937 2662 par
954 2633 1008 2662 ge-

308 2668 375 2706 ηἰο,
388 2670 555 2712 acumine,
565 2671 709 2713 eloquio,
720 2672 900 2713 superiori.
926 2671 1006 2705 Bar-

305 2721 399 2752 thius.

1107 2228 1125 2256 3
1150 2225 1233 2256 Ante
1249 2225 1328 2265 tuoe]
1362 2225 1446 2255 Nate
1463 2223 1620 2255 Barthius
1645 2225 1677 2255 in
1694 2224 1763 2256 Ad-

1064 2274 1245 2305 versariis:
1269 2278 1383 2313 posset
1409 2279 1443 2304 et
1469 2273 1533 2313 legi
1558 2275 1642 2305 Ante
1666 2277 1764 2314 tuam,

1064 2324 1172 2354 lucem
1190 2323 1334 2355 scilicet.
1360 2324 1406 2354 D.
1424 2324 1536 2356 Heius.

1106 2376 1146 2403 24
1172 2373 1270 2404 Nocte
1287 2373 1403 2413 refusa]
1429 2374 1522 2414 Lego
1549 2375 1678 2413 reclusa,
1705 2378 1764 2408 aut

1063 2423 1163 2454 etiam
1180 2427 1303 2454 retusa.-
1327 2424 1369 2454 de
1387 2433 1452 2464 quo
1470 2423 1573 2456 verbo
1587 2424 1666 2456 alibi
1683 2425 1764 2457 mul-

1064 2473 1105 2504 tis
1121 2478 1247 2504 actum.
1272 2474 1368 2505 Idem.

1106 2526 1147 2553 29
1173 2524 1267 2563 Quid,
1281 2523 1341 2553 nisi
1357 2533 1414 2563 pro
1433 2524 1566 2565 cunctis]
1590 2523 1675 2555 Haec
1692 2533 1765 2555 cor·

1066 2576 1177 2612 rupta.
1204 2572 1355 2612 Scaliger
1366 2577 1500 2603 notarat
1515 2573 1620 2603 multa
1632 2573 1762 2605 deesse.

1063 2624 1230 2654 Min-acula
1238 2623 1363 2654 Christi
1375 2624 1409 2654 in
1421 2623 1567 2655 disticha
1578 2623 1762 2658 dividenda

1063 2673 1242 2705 contendit
1259 2674 1449 2706 Clavcrius.
1474 2675 1569 2706 Idem.
