1763 3116
638 154 903 188 EPISTOLAE.

40 262 138 292 catur
154 255 410 300 subjicientibus
426 262 509 285 sese.

82 309 202 348 Secuit]
228 305 428 346 Interrupit,
440 302 578 343 irrupit.

83 359 251 391 Nascenlia
276 355 362 394 vota]
406 354 484 385 Vota
513 356 591 382 sunt
616 351 740 382 votivae

41 408 236 450 dignitates,
248 411 366 446 optata
382 402 515 443 gaudia.
540 401 656 433 Barth.

84 457 252 489 Nascentis:
268 455 352 494 cota]
378 453 459 485 Fata
474 458 620 493 quatuor
635 451 741 491 scrip-

39 509 147 548 ti,pro
159 503 468 536 nascentifortuna.
487 501 605 533 Infra:
629 503 638 519 ‘
654 503 740 534 Quae

36 566 98 598 per
114 560 147 587 te
163 555 300 593 cecidit,
327 564 387 594 per
413 558 447 584 te
471 552 608 584 fortuna
632 561 741 583 resur-

38 609 120 648 gat.’
139 606 187 637 D.
205 606 318 636 Heius.

79 658 119 687 33
144 655 276 686 Serenus
302 654 446 695 Respice]
481 655 527 685 Ut
547 654 604 684 Sol
625 653 742 684 videli-

36 712 106 747 cet,
120 708 153 738 in
172 707 320 738 tenebris
338 707 425 737 enim
439 705 556 736 afflicti
570 710 605 736 et
619 705 740 735 moesti.

34 758 180 797 Serenus,
209 759 367 789 clemens.
413 757 569 786 Valerius
601 755 742 786 Flaccus

36 808 77 838 ad
97 808 331 839 Domitianum
350 818 360 837 t
382 808 390 823 ‘
410 816 496 837 nunc
521 810 638 837 nostra
653 814 743 836 sere-

39 867 99 889 nus
117 856 340 897 Orsajnves:
367 856 485 886 Barth.

77 910 118 938 34
145 908 228 942 Quid
253 910 343 937 tanta
366 906 510 944 dignaris
532 909 629 935 morte
650 904 744 934 clien-

32 957 110 997 tem]
150 958 236 987 Mole
264 957 410 987 Lucens.
441 959 477 985 et
511 958 656 994 quatuor
687 953 744 984 alii

34 1017 110 1039 cum
127 1006 225 1037 Aldo.
273 1006 440 1046 Optime:
466 1004 594 1034 dietum
608 1004 630 1034 l.
650 1012 689 1034 11.
709 1003 743 1033 in

35 1059 178 1097 Eutrop.
195 1060 268 1088 101.
314 1057 381 1087 Pro
395 1057 470 1086 Jam
485 1055 556 1093 jam
574 1054 745 1094 suppliciis,

34 1118 118 1139 unus
134 1107 229 1138 Med.
246 1107 380 1138 Lumina
393 1104 565 1146 suppliciis.
591 1104 661 1134 Pro
678 1103 743 1134 De-

35 1159 128 1199 spice,
143 1160 286 1190 Lucens.
304 1162 339 1189 et
365 1161 443 1189 octo
464 1156 520 1187 alii
537 1166 580 1186 ex
596 1154 744 1185 meliori-

32 1209 96 1241 bus
114 1211 244 1250 Respice
272 1213 398 1250 praeter
425 1207 523 1248 prim.
540 1207 652 1237 Vatic.
676 1206 743 1236 duo

31 1261 154 1300 Aspice.
185 1260 299 1290 Puto:
326 1258 458 1290 Lumine
473 1255 745 1297 suppliciisfessoe

35 1309 223 1350 humilesque
238 1319 342 1341 sereno
359 1309 501 1349 Respice.
526 1309 571 1339 D.
589 1307 709 1337 Heius.

83 1360 185 1390 Tanta
228 1359 342 1399 morte]
404 1359 485 1389 Tam
536 1357 716 1388 ambitiosa
734 1367 741 1388 :

34 1410 150 1441 Morte
176 1415 236 1441 aut
251 1410 426 1440 eversione
445 1413 496 1439 tot
519 1408 742 1439 circumstan-

32 1460 89 1490 tiis
106 1460 259 1500 quaesita.
291 1459 460 1490 Clientem
477 1468 512 1489 se
529 1461 643 1495 vocat,
658 1456 743 1496 pris-

32 1519 72 1541 co
101 1519 175 1541 usu.
221 1509 452 1540 Patronorum
478 1507 568 1537 enim
593 1507 740 1545 amplum

27 1561 97 1601 jus,
112 1566 147 1592 et
164 1559 344 1599 imperium
358 1557 576 1598 imperiosum
592 1556 625 1586 in
639 1556 742 1586 clien-

33 1615 97 1642 tes.
143 1610 262 1641 Medio
291 1619 365 1640 aevo
394 1608 532 1639 Vasallos
558 1607 741 1638 hodiernos

33 1660 82 1692 ita
99 1660 209 1692 dictos
227 1660 459 1690 observamus.
483 1658 599 1690 Barth.

76 1713 115 1741 35
141 1711 179 1741 In
205 1710 362 1750 brevibus]
397 1709 591 1749 Magnificis
619 1709 742 1740 Heroi-

32 1760 96 1792 bus
114 1770 254 1800 magnos
269 1761 383 1791 hostes
396 1759 608 1801 deligendos,
619 1759 740 1800 quibus

33 1821 125 1843 suam
141 1812 314 1843 insumant
335 1810 548 1842 iracundiam
571 1814 741 1848 autumat,

34 1862 191 1902 exemplo
208 1866 401 1901 ventorum,
427 1869 611 1902 eorumque
627 1859 741 1891 mode-

37 1912 170 1943 ratoris.

78 1963 151 1994 Sese
173 1962 303 2003 probat]
342 1962 443 1994 Vires
458 1970 534 1993 suas
550 1960 741 2002 experitur.

38 2013 157 2044 Barth.

78 2065 189 2095 AEolas
204 2064 310 2104 undis]
344 2062 457 2094 Antris
484 2062 593 2093 Aldus
624 2065 659 2092 et
686 2071 743 2092 ex-

41 2119 160 2154 cerpta
175 2114 372 2151 Puteanea;
397 2113 503 2143 bene:
529 2117 566 2142 ut
583 2111 744 2151 apudJn-

37 2164 148 2195 venal.
171 2167 180 2181 ‘
198 2163 315 2194 AEoliis
341 2163 506 2193 inclusum
530 2160 671 2201 rupibus
690 2169 745 2191 an-

39 2215 152 2248 trum.’
197 2214 328 2245 Statius
342 2213 450 2244 Theb.
466 2220 500 2243 x.
524 2214 532 2228 ‘
557 2211 631 2242 Non
646 2211 747 2242 aliter

38 2270 128 2297 moto
142 2275 241 2307 quam
255 2264 282 2295 si
297 2269 396 2304 pater
408 2263 521 2294 AEolus
536 2266 635 2292 antro
649 2261 747 2292 Clan-

40 2314 101 2345 dat
117 2315 203 2345 iter.’
249 2313 351 2344 Antri
375 2312 473 2344 AEolii
498 2312 669 2342 luculenta
691 2311 747 2342 de-

42 2365 181 2404 scriptio
200 2365 288 2405 apud
308 2363 495 2394 Homerum
511 2362 544 2393 in
558 2362 686 2403 Odyss.
703 2362 748 2393 D.

45 2415 159 2446 Heius.

85 2468 129 2496 36
145 2465 254 2495 Boreoe
261 2464 446 2504 certamina]
456 2462 649 2504 Confligere
660 2462 749 2493 enim

44 2520 177 2553 ventos,
198 2514 389 2545 furentibus
411 2514 686 2554 tempestatibus,
703 2513 749 2544 ai-

47 2570 110 2597 unt
129 2564 260 2594 Poetae.
286 2563 400 2594 Barth.

91 2617 132 2645 37
173 2613 317 2644 (fulmina
349 2613 490 2652 quassat]
528 2613 690 2643 Lucensis
716 2618 752 2645 et

49 2663 215 2696 tredecim
241 2663 295 2693 alii
321 2663 439 2696 lassat,-
462 2662 570 2692 bene:
595 2663 672 2693 vide
694 2672 752 2694 no·

51 2718 103 2747 tas
121 2714 143 2747 Ι.
159 2723 184 2745 1.
201 2713 235 2745 iu
250 2711 364 2744 Rufio.
382 2714 456 2745 270.
479 2712 522 2743 D.
536 2712 645 2745 Heius.

1384 142 1496 186 1687

836 252 879 280 38
904 247 1046 280 Coelestis
1063 245 1211 287 flamma]
1256 245 1403 278 Fulmini
1431 247 1499 279 vim

793 299 948 340 potentis
966 299 1027 329 viri
1042 301 1230 337 comparat.
1253 296 1370 327 Barth.

834 352 874 380 41
901 346 1144 386 Ramissronde]
1173 345 1380 376 Frondosum
1396 345 1495 377 oliva:

793 408 922 430 ramum
946 397 1107 437 intelligit
1134 406 1153 426 a
1180 395 1392 437 supplicibus
1414 405 1500 436 prae-

794 448 890 480 tendi
903 451 1113 478 consuetum.

836 499 961 530 Fronde
978 496 1147 536 Mlnerroe]
1181 496 1256 528 Qua
1279 494 1396 526 oblata
1421 494 1503 526 Dea

792 550 1000 590 belligerans
1028 547 1233 578 leniebatur.
1293 545 1338 576 Et
1373 545 1500 576 bellum

794 600 882 631 enim
899 599 975 630 ideo
995 602 1030 629 et
1050 598 1125 628 olea
1153 596 1185 626 in
1211 596 1320 627 tutela
1343 595 1498 635 ejusdem

795 651 906 681 Divae.
929 649 1047 680 Barth.

836 704 878 732 42
896 701 958 731 Pro
975 704 1044 730 ture
1058 697 1179 738 damus]
1196 698 1333 729 Cultum
1347 697 1498 728 divinum

793 750 919 782 homini
930 748 1045 789 offert,
1055 759 1120 790 quo
1135 749 1335 789 ampliorem
1348 757 1414 779 non
1427 756 1503 788 pos·

795 802 852 833 sit.
878 802 975 832 Idem.

836 854 877 882 43
903 852 958 882 Me
974 852 1066 882 redde
1078 850 1170 890 mihi]
1195 850 1361 881 Omnibus
1378 848 1500 889 spolia·

796 905 862 941 tus,
883 910 947 932 nec
972 910 1007 931 se
1031 901 1140 940 ipsum
1165 900 1289 930 habere
1306 899 1400 930 dicit.
1443 896 1501 929 Sic

795 952 907 982 odisse
920 961 955 981 se
971 951 1061 991 ipsos
1074 948 1246 989 dicuntur,
1257 949 1357 990 quiin
1372 955 1502 978 summo

794 1005 873 1033 sunt
884 1009 1041 1031 moerore.
1065 1001 1166 1030 Idem.

837 1054 878 1084 44
907 1050 1107 1090 Vulneribus]
1140 1049 1346 1082 Laesionibus
1362 1047 1503 1090 quibus·

796 1112 942 1143 cunque.

844 1151 1272 1194 Vitamquejubefamamque
1281 1150 1412 1191 reverti]
1434 1150 1502 1181 Pa-

796 1204 846 1235 ria
861 1204 951 1235 enim
968 1204 1056 1245 haec,
1072 1203 1138 1234 imo
1155 1203 1268 1243 potior
1283 1201 1386 1233 etiam
1400 1200 1502 1232 fama.

795 1253 912 1284 Barth.

837 1306 879 1334 46
902 1304 1006 1335 Sanus
1021 1303 1172 1335 Achilleis
1186 1302 1333 1334 remeavit
1354 1301 1502 1342 Telephus

793 1353 912 1394 herbis]
965 1353 1105 1385 Achillea
1141 1353 1231 1383 hasta
1268 1351 1476 1392 Gyraldinus
1491 1362 1503 1389 ς

795 1404 923 1443 probe:
949 1413 1034 1435 unus
1060 1403 1238 1434 Mediceus
1258 1402 1406 1434 Achilleis
1431 1402 1502 1432 has-

793 1454 855 1490 tis3
874 1454 1027 1493 proxime
1038 1462 1167 1484 verum.
1191 1453 1376 1492 Ferrugine
1389 1451 1502 1483 Achil-

793 1504 856 1534 leae
872 1503 979 1533 hastae
994 1506 1150 1533 sanatum
1163 1502 1350 1542 Telephum
1368 1506 1502 1532 veteres

794 1553 1031 1593 prodiderunt.
1091 1551 1259 1592 Apuleius
1303 1551 1352 1582 de‘
1386 1551 1500 1582 herbis

792 1603 863 1635 fere
891 1604 982 1634 solus
1005 1612 1066 1644 pro
1092 1603 1229 1643 vulgata
1246 1606 1313 1632 stat
1330 1601 1498 1633 lectione:

793 1655 802 1671 ‘
819 1655 1007 1686 Achilleam
1024 1653 1164 1684 herbam
1184 1652 1334 1683 Achilles
1354 1651 1499 1681 invenit.

793 1704 894 1736 Unde
924 1705 1063 1735 vulnera
1093 1702 1185 1733 ferro
1209 1700 1304 1733 faeta
1337 1701 1502 1732 sanabat:

794 1756 857 1786 hac
886 1765 1022 1786 sanasse
1044 1753 1233 1794 Telephum
1249 1750 1398 1783 dicitur!
1445 1751 1501 1781 De

792 1806 892 1837 hasta
907 1804 1053 1836 Ovidius
1070 1813 1139 1834 non
1156 1812 1222 1834 uno
1240 1803 1329 1841 loco,
1354 1801 1503 1842 Proper-

795 1856 878 1896 tius,
896 1855 1064 1896 HyginuS,
1080 1854 1147 1885 alii.
1192 1852 1379 1884 Pentadius
1393 1851 1427 1882 in
1443 1851 1507 1882 Ca-

794 1906 933 1938 talectis
957 1905 1083 1937 Pithoei
1099 1908 1134 1935 et
1149 1902 1337 1943 Scaligeri:
1362 1903 1370 1918 ‘
1389 1901 1505 1932 Pelias

795 1957 894 1988 hasta
919 1955 998 1994 fuit,
1026 1955 1146 1986 vulnus
1173 1963 1277 1994 grave
1304 1961 1379 1992 quae
1406 1949 1505 1981 dedit

795 2007 898 2046 hosti,
922 2008 968 2038 Et
993 2016 1067 2046 quae
1095 2004 1240 2042 sanavit,
1272 2002 1384 2033 Pelias
1405 2001 1505 2031 hasta

796 2057 887 2089 fuit!
934 2057 1014 2097 Ipse
1032 2054 1182 2086 Achilles
1197 2052 1287 2094 apud
1307 2052 1502 2083 Nasonem:

799 2109 807 2125 ‘
820 2118 884 2149 ego
907 2107 1086 2148 Telephon
1104 2106 1201 2136 hasta
1217 2104 1433 2143 Pugnantem
1450 2099 1510 2131 do-

799 2158 880 2198 mni,
895 2158 1022 2189 victum
1037 2160 1259 2195 orantemque
1277 2151 1408 2184 refeci!
1449 2151 1507 2182 Se-

800 2217 900 2239 renus
912 2206 1146 2238 Sammonicus
1157 2215 1187 2236 c.
1196 2207 1250 2235 47.
1262 2203 1305 2234 de
1320 2205 1504 2242 serpente:

799 2260 808 2276 ‘
826 2263 934 2296 sanat,
948 2266 1047 2298 quem
1064 2256 1193 2287 sauciat
1210 2255 1296 2295 ipsa.
1333 2253 1380 2284 Ut
1397 2252 1507 2283 Laris⁴

801 2319 865 2340 saea
881 2314 1019 2339 curatus
1034 2306 1200 2347 Telephus
1216 2306 1332 2335 hasta)
1377 2303 1506 2343 Perpe-

802 2369 884 2397 ram,
901 2365 933 2389 et
953 2363 1072 2389 contra
1089 2358 1200 2397 legem
1224 2355 1398 2386 metricam
1416 2356 1508 2393 utque

801 2409 849 2441 ibi
867 2410 1005 2450 legitur.
1029 2409 1073 2440 D.
1087 2408 1197 2438 Heius.

847 2461 1009 2491 Remeat-it
1023 2459 1170 2497 Telephus
1182 2456 1298 2497 herbis]
1323 2456 1506 2487 oraculum

803 2511 958 2552 Telepho
975 2515 1139 2548 suaserat,
1155 2518 1229 2539 cum
1247 2509 1288 2537 de
1303 2506 1444 2537 vulnere
1460 2503 1505 2535 ab

804 2562 938 2593 Achille
966 2562 998 2591 in
1026 2560 1138 2600 Mysia
1164 2557 1294 2590 inflicto
1326 2555 1506 2587 convalere

805 2623 871 2643 n‹·n
899 2618 1026 2652 posset,
1053 2612 1160 2650 ipsum
1186 2608 1352 2639 Achillem
1374 2605 1507 2640 adiret;

806 2663 836 2693 ei
854 2663 911 2693 ille
928 2662 1169 2701 obtemperans
1185 2659 1323 2697 navigat
1340 2657 1457 2694 Argos,
1470 2656 1508 2682 et

809 2711 851 2743 ab
870 2711 1011 2751 Achille,
1027 2714 1099 2741 tum
1117 2708 1165 2741 ibi
1185 2717 1256 2739 rem
1281 2709 1434 2746 gerente,
1449 2711 1507 2734 cu-
