1763 3116
392 164 443 194 IN
479 163 529 193 11.
562 160 700 191 CONS.
734 158 1069 190 STILICHONJS.

6 259 143 290 stinctio
160 267 304 300 sequens
318 256 585 297 ingeniosissime
595 253 705 284 onmia

6 309 79 341 sere
96 308 352 350 quadrupedum
371 316 497 346 genera
510 303 706 345 complecti-

6 365 74 400 tur,
107 361 256 401 qualium
291 357 434 388 imitatio
466 356 619 396 corrupit
654 365 705 385 se-

7 412 182 452 quentium
196 410 379 440 Po'e'taruni
396 408 500 438 stilos.
527 406 641 437 Barth.

48 464 111 493 320
135 462 206 492 Non
221 463 310 490 caute
325 458 439 497 tutent]
480 457 581 488 Multi
610 460 705 487 vete-

6 521 80 542 rum
105 514 216 545 mimz,-
243 509 409 550 quomodo
438 507 617 548 legendum
647 506 705 537 lib.

6 571 45 592 11.
71 560 113 591 de
145 561 248 600 Rapt.
280 570 325 591 vs.
356 563 405 591 11.
433 568 619 589 monemus.
652 566 707 587 ιιι.

6 611 106 642 Cous,
134 610 303 641 Houorii:
332 611 340 627 ‘
357 614 459 641 cauto
490 618 553 639 uec
581 607 708 648 profuit

5 660 93 691 hosti
107 660 250 691 Munitis
263 660 398 690 haesisse
412 658 518 690 locis.'
536 659 580 689 D.
596 657 707 687 Heius.

48 713 109 742 323
135 710 249 750 [liguis
263 709 415 749 domibus]
441 709 561 741 Caveis
578 707 707 748 ligneis.

8 762 122 793 Barth.

51 815 112 843 325
139 813 266 853 Cuneoe]
302 813 457 851 Caligula
474 811 636 852 quosdam
654 809 709 840 be-

8 862 149 893 stiarum
166 873 260 893 more
273 862 386 892 caveis
402 861 564 892 coercuit.
585 861 711 890 Clurer.

51 914 114 941 326
141 912 298 947 Perfretu
314 910 497 950 relfluvios]
524 909 710 948 Perfluvios

8 961 100 1002 prior
115 961 240 991 Moreti
257 972 265 999 ;
290 961 466 991 concinne.
494 961 538 990 D.
556 959 668 989 Heius.

51 1013 114 1041 329
141 1011 300 1041 montanis
315 1011 404 1048 plena
415 1008 595 1049 triumphis]
621 1008 712 1038 Mon-

9 1060 76 1092 tani
93 1060 242 1099 triumphi
255 1059 431 1090 meliores:
447 1064 482 1089 et
494 1068 571 1088 mox
587 1066 648 1097 pro
662 1068 712 1088 re-

9 1110 96 1141 hitur
122 1109 214 1150 prior
242 1109 380 1148 Moreti,
396 1108 544 1139 Puteau.
575 1112 609 1137 et
626 1116 711 1137 uuus

12 1159 167 1191 Ambros.
183 1159 332 1190 trahitur.
358 1159 466 1189 Idem.

55 1209 201 1240 DIoutuni
216 1209 380 1249 triumphi]
414 1209 466 1239 De
484 1207 599 1248 spoliis
616 1207 714 1238 silva-

12 1269 87 1291 rum
103 1264 139 1290 et
155 1260 330 1290 montium.
358 1259 471 1289 Barth.

56 1313 118 1341 330
143 1309 452 1348 Sollicitisjurencis]
476 1309 610 1339 Natura
627 1307 717 1337 enim

15 1360 117 1392 bruta
133 1361 234 1391 etiam
253 1360 562 1390 aniiuantialiostes
575 1368 650 1389 suos
664 1368 719 1398 ug-

14 1421 158 1442 uoscere
174 1411 269 1442 facit.
295 1411 392 1441 Idem.

59 1463 119 1492 331
147 1460 280 1499 Quibus]
306 1461 456 1492 Quorum
475 1458 719 1498 similibus‚ge-

16 1520 108 1542 nere.
133 1510 229 1540 Idem.

58 1562 121 1591 332
144 1559 259 1590 Pavidi
275 1563 393 1590 temone
409 1557 569 1596 recedunt]
606 1558 720 1589 Quan-

17 1617 88 1644 tum
102 1616 257 1652 possunt.
276 1612 374 1642 Idem.

59 1665 119 1693 335
145 1661 352 1701 Hesperidas]
378 1660 593 1691 Mauritanas
611 1659 718 1699 Nym-

17 1713 113 1754 phas,
130 1713 245 1753 quales
268 1712 398 1742 nobiles
426 1711 472 1742 ibi
498 1710 611 1741 aureis
640 1710 720 1740 olim

19 1763 114 1794 malis
129 1763 244 1793 hortos
258 1763 449 1793 coluerant.

63 1815 125 1843 337
148 1812 277 1852 Impune
300 1811 477 1851 numquam]
522 1811 647 1841 Secuta
679 1809 721 1840 de

20 1863 175 1904 proximo
192 1868 308 1902 strage
324 1871 498 1902 pecorum.
522 1860 659 1891 Genera
673 1870 725 1890 ca-

21 1913 220 1954 piendarum
236 1911 384 1943 ferarum
399 1921 477 1941 mox
488 1914 724 1949 recensentur,

21 1962 120 2002 ignis,
149 1960 272 1999 foveae,
297 1960 399 1992 fossae
417 1959 567 2000 pendens
595 1958 723 2000 praeda.

24 2013 140 2044 Barth.

67 2065 130 2093 338
153 2063 299 2093 Pustores
323 2072 478 2102 nunquam
504 2070 649 2100 excepere
672 2070 728 2100 per

25 2112 128 2152 aures]
142 2113 306 2143 Pastorum
318 2122 468 2152 nunquam
481 2121 600 2142 venere.
614 2111 727 2142 Vatic.

26 2167 62 2194 et
77 2171 196 2193 novem
213 2162 270 2192 alii
285 2171 327 2192 ex
340 2161 639 2192 emendatioribus-
655 2162 730 2191 Sca-

26 2213 112 2254 liger
129 2217 165 2244 et
180 2213 342 2243 Barthius
356 2223 432 2243 cum
447 2212 557 2242 Delrii
568 2211 667 2250 libro,
677 2222 730 2250 pa-

26 2267 123 2295 stores
137 2274 281 2304 excepere
306 2273 362 2303 per
377 2273 493 2300 uurus;
516 2267 551 2293 et
569 2262 616 2293 sic
636 2261 730 2302 quin-

29 2325 94 2356 que
110 2315 228 2346 nostri.
255 2315 297 2345 D.
320 2314 429 2344 Heius,

72 2367 135 2395 339
171 2365 273 2395 Toedoe
289 2363 446 2403 ardentes]
484 2363 600 2393 Timor
628 2362 731 2393 etiam

34 2416 366 2456 generosissimorum
385 2415 590 2446 animalium.

76 2464 185 2494 Strata
199 2475 324 2504 superne
337 2465 477 2505 Lapsuro
499 2466 638 2504 virgulta
656 2465 733 2504 solo]

34 2514 147 2545 Fovea
162 2519 254 2545 tecta
283 2515 453 2554 virgultis,
471 2525 546 2556 quae
566 2524 626 2555 pro
644 2520 734 2546 terra

36 2563 144 2594 solida
172 2564 344 2594 calcantes
360 2563 442 2596 ferae
462 2565 617 2595 ferantur
632 2564 664 2594 iu
682 2574 735 2595 ca-

37 2623 129 2644 vum.
153 2613 267 2644 Barth.

80 2666 144 2694 340
172 2663 300 2693 Vocibus
321 2664 417 2703 hoedi]
467 2665 535 2697 Qui
562 2669 643 2696 noto
670 2666 737 2696 cla-

39 2722 133 2745 more
161 2713 202 2743 ad
233 2713 382 2754 praedam
411 2719 616 2747 convocaret
646 2714 737 2746 fame

1345 147 1459 189 1549

755 253 907 283 furentes
927 252 1068 282 belluas.
1105 251 1201 281 Idem.

798 304 861 332 342
889 301 978 332 Ultro
1003 310 1035 330 se
1063 300 1183 330 voluere
1203 299 1287 339 cupi]
1322 298 1463 330 Blandi-

757 352 828 390 tiae,
843 352 960 391 quales
984 350 1074 390 apud
1095 349 1293 379 Martialem
1321 348 1464 388 Specta·

758 403 856 433 culis.
884 402 977 432 Idem.

801 455 861 483 34⁴
889 451 1059 491 Reserant]
1096 450 1258 483 Cratibus
1275 454 1354 480 ante
1373 449 1467 480 clau·

759 512 807 540 sa,
847 508 882 534 et
915 512 934 532 a
975 501 1124 534 ferarum
1154 501 1294 532 incursu
1321 500 1465 531 munita.

760 553 858 584 Idem.

803 606 863 634 345
893 603 1017 634 Is'irides
1030 601 1158 642 pardos]
1194 600 1334 632 Glaucis
1362 604 1398 631 et
1414 599 1465 630 vi-

761 654 952 684 ridantibus
970 653 1108 684 maculis
1126 661 1274 692 sparsos.
1301 651 1402 681 Idem.

803 707 866 734 346
892 703 1027 742 Dentes]
1056 703 1121 733 Vel
1138 702 1244 732 burres
1262 701 1383 732 tertius
1400 700 1467 730 Va—

763 754 909 785 ticanus.
934 754 976 784 D.
997 753 1108 784 Heius.

804 807 866 835 347
895 803 958 838 Qui
973 803 1166 842 sectiferro]
1186 804 1256 834 Pro
1274 802 1369 833 hisce
1387 801 1468 831 duo-

763 855 825 884 bus
843 854 993 884 versibus
1012 854 1110 893 prim.
1126 854 1240 884 Vatic.
1259 862 1358 882 uuum
1372 851 1470 882 uobis

763 907 969 943 exhibet‚ut
987 910 1021 936 et
1048 906 1269 943 Oxoniensis,
1301 915 1376 935 cuin
1406 904 1474 934 Re,-

764 957 818 993 gio
836 961 939 996 atque
957 955 1157 985 Oiseliauo:
1185 955 1249 989 Qui
1267 966 1313 984 mo
1323 966 1338 983 r
1365 954 1397 984 in
1424 957 1469 984 ta-

763 1007 850 1036 bulas
866 1005 1014 1044 inscripto
1033 1005 1166 1035 Consule
1179 1004 1265 1034 secti.
1290 1004 1399 1034 Ideni.

821 1055 908 1086 Secti
935 1055 1025 1092 ferro
1063 1055 1096 1084 in
1126 1053 1260 1092 tabulas]
1306 1053 1471 1083 'tesseras

765 1104 931 1136 eburneas
961 1104 1060 1141 dicit,
1104 1103 1224 1143 quibus
1270 1102 1472 1142 inscriptum

767 1156 922 1187 Consulis
950 1164 1093 1191 uomen3
1128 1154 1183 1184 vel
1208 1153 1376 1184 eburneos
1409 1162 1470 1192 pu-

767 1207 903 1245 gillares
918 1206 1014 1243 dicit,
1025 1205 1083 1246 qni
1096 1205 1324 1235 intercaetera
1335 1211 1473 1233 munus-

768 1258 845 1287 cula
868 1256 1062 1287 consulibus
1081 1255 1174 1285 novis
1191 1254 1329 1295 elargiti
1358 1253 1391 1284 in
1413 1263 1473 1294 po-

768 1309 894 1348 pulum.
918 1307 1033 1337 Barth.

812 1359 875 1387 349
900 1357 1015 1395 Stupor
1032 1355 1171 1385 omnibus
1188 1353 1292 1394 Indis]
1321 1352 1476 1385 Amnibus

770 1406 929 1437 Barthius
944 1405 1040 1445 legit.
1064 1406 1109 1436 D.
1128 1405 1243 1436 Heius.

812 1459 873 1487 351
901 1455 1020 1486 Insedit
1036 1455 1130 1493 nigra
1144 1455 1261 1485 cervice
1284 1454 1475 1494 gementum]

770 1508 889 1538 Malim
903 1506 1024 1536 insidit.
1049 1505 1160 1535 Idem.

813 1559 875 1587 352
900 1556 1090 1595 Peuitusque
1105 1555 1253 1595 cruentis]
1268 1556 1319 1585 Ex
1334 1556 1408 1596 ipsa
1423 1565 1478 1586 us-

772 1616 836 1647 que
854 1606 960 1636 cranii
976 1605 1176 1644 propagine.
1200 1604 1318 1634 Barth.

813 1659 875 1686 353
890 1655 1050 1695 Stirpibus
1063 1653 1191 1693 avulsis]
1221 1655 1339 1684 Durus
1358 1654 1479 1685 ablati-

772 1716 889 1737 vorum
921 1715 1118 1736 concursus.
1159 1704 1256 1744 Lego
1273 1704 1377 1744 igitur
1394 1705 1479 1735 arul-

771 1767 822 1787 so:
846 1760 884 1787 ut
901 1756 942 1786 ad
955 1755 993 1785 τὸ
1007 1755 1081 1786 ebur
1096 1754 1280 1786 referatur.
1303 1755 1348 1785 D.
1365 1754 1481 1785 Heius.

818 1806 992 1846 Exurmat]
1041 1806 1206 1836 Ferarum
1252 1804 1354 1835 armis
1388 1805 1481 1835 evul-

775 1858 838 1888 sis:
892 1857 940 1888 sic
990 1866 1083 1896 saepe
1125 1855 1231 1886 locuti
1277 1855 1480 1896 scriptores,

776 1907 892 1938 Barth.

819 1961 880 1988 3:55
909 1956 1061 1988 Cunctari
1077 1955 1166 1995 mole]
1182 1954 1412 1995 Moles‚omnis
1427 1964 1481 1985 res

778 2006 962 2038 difficulter
977 2006 1156 2037 movenda.
1183 2006 1281 2036 Idem.

822 2060 886 2088 356
909 2058 1065 2097 Amplexa
1076 2055 1252 2096 per-undas]
1269 2055 1395 2096 Scripti
1405 2065 1483 2086 nou-

778 2109 863 2139 nulli
899 2108 1030 2145 adnixa,
1060 2107 1194 2145 ‹icit-exa,
1223 2106 1397 2145 complexa,
1428 2106 1482 2136 ud-

779 2169 870 2190 neaea.
888 2159 989 2188 Latet
1017 2157 1143 2197 aliquid
1160 2156 1273 2187 mendi
1289 2166 1296 2193 ;
1329 2156 1484 2196 quamvis

781 2210 955 2246 vulgatum
973 2212 1110 2237 tueatur
1128 2206 1318 2241 Claverius,
1335 2205 1401 2245 pri.
1418 2205 1486 2234 Va-

781 2260 840 2290 tic.
871 2259 995 2299 aliique
1026 2258 1219 2297 complures
1261 2266 1303 2286 ex
1335 2255 1484 2296 seriptis.

782 2311 884 2341 Forte
901 2319 1019 2339 versus
1035 2307 1205 2338 exciderit
1220 2318 1228 2344 ;
1252 2307 1330 2336 uolo
1348 2306 1487 2346 conjec-

782 2360 867 2390 turis
885 2359 990 2390 abuti.
1037 2359 1106 2388 Pro
1127 2357 1263 2387 Classica
1279 2357 1369 2386 turbu
1386 2356 1486 2395 prim.

782 2410 896 2440 Vatic.
921 2419 997 2439 cum
1026 2408 1179 2448 plurimis
1197 2407 1271 2437 aiiis
1290 2407 1430 2443 Classis‚·
1452 2405 1487 2435 in

783 2460 950 2490 nonnullis
967 2458 1088 2489 Classi:
1118 2467 1160 2488 an
1186 2467 1244 2497 pro
1264 2454 1426 2487 Clatlirz's?
1452 2459 1490 2486 ut

784 2511 884 2551 paulo
913 2514 993 2540 aute
1037 2508 1186 2539 Palatin.
1233 2507 1388 2537 classibus.
1439 2506 1486 2536 D.

785 2561 904 2592 Heius.

827 2614 891 2642 358
915 2611 953 2641 In
967 2609 1184 2650 prorumjuoet
1201 2618 1291 2648 usque
1307 2607 1369 2646 leo]
1401 2605 1489 2636 Jucit

786 2673 829 2693 ex
847 2662 914 2692 suis
932 2660 1120 2692 Claverius.
1137 2659 1237 2689 aliter
1253 2657 1374 2696 nostri,
1389 2665 1406 2686 a
1421 2653 1489 2695 qui-

786 2713 849 2745 bus
864 2721 931 2744 uon
949 2710 1088 2743 recedo,
1114 2710 1211 2742 Idem.
