1859 3148
344 149 456 192 1676

346 264 476 295 qnoque
490 265 580 286 more
598 266 656 286 sno
670 255 821 293 Scaliger
837 254 869 284 iu
885 253 1042 295 Poetam,

343 314 444 344 quem
463 311 574 335 tamen
592 306 752 335 damnare
777 313 840 334 non
859 304 981 334 audet:
1007 309 1042 336 at

342 355 351 370 ‘
366 353 574 388 infeliciter,'
601 356 721 395 inquit,
743 358 751 370 ‘
770 354 929 393 Cnpressi
946 359 1042 385 natu-

345 413 414 434 ram
428 405 607 443 cxprmsit,
621 414 694 433 nam
711 414 748 433 ca
764 403 869 433 tmdas
883 413 946 434 uon
961 404 1040 436 dat)

345 454 468 485 Quaeso
505 461 549 487 ιι»,
581 455 638 482 Υιι·
670 463 799 491 magne,
832 454 905 494 quis
933 455 1041 486 nescit

344 503 478 533 funebri
514 502 620 532 officio
658 503 742 532 hanc
776 502 854 532 addi
887 504 1041 534 solitam?

344 553 438 583 Serv.
451 554 490 582 ad
505 561 556 581 ιιι.
570 559 600 580 et
617 561 664 581 vr.
688 551 818 583 AEueid.
831 553 921 583 Plin.
934 554 954 584 Ι.
967 562 1041 586 xvr.

344 613 417 642 cap.
445 606 494 632 33.
530 602 632 632 ovid.
661 612 693 633 x.
734 604 874 635 Metam.
906 605 983 635 Fab.
1012 609 1041 637 3.

345 663 441 693 qnam
462 652 581 682 Horat.
608 652 666 683 lib.
695 662 731 684 ιι.
757 654 822 685 ()d.
844 658 890 685 Η.
913 655 1041 687 invisam

343 707 452 739 vocat,
471 708 504 732 et
523 703 631 742 Epod.
658 703 725 734 Od.
743 709 772 734 5.
787 704 959 742 funebrem.
993 707 1042 736 Si-

343 753 405 782 lius
424 753 444 783 l.
462 761 495 783 Χ.
514 756 658 783 ›na-stam.
706 754 821 786 Quid?
846 755 934 795 qnod
961 761 1040 786 ante

344 803 504 842 templum
525 804 658 833 Cereris
684 805 861 836 crescebat
884 805 1041 847 frequen-

343 853 407 882 tius
433 862 472 883 ea
499 853 608 883 arbor.
647 854 740 885 Serv.
770 854 810 884 ad
840 864 880 885 ιι.
909 856 1039 886 AEneid.

341 902 421 942 fine,
459 903 499 933 ad
532 903 637 934 illud:
674 905 864 945 ‘juxtaque
902 907 1040 946 antiqua

342 953 544 992 cupressus.’
590 954 661 984 Imo
679 961 713 985 et
731 965 827 985 sacra
849 956 926 986 hnic
944 957 1040 987 Deae.

340 1003 427 1034 Stat,
451 1013 499 1034 ιν.
525 1004 690 1034 Thebaid.
719 1005 854 1035 ‘minor
880 1016 936 1036 ara
968 1017 1041 1046 pro-

342 1051 454 1083 fundae
474 1054 623 1089 Ericitnr
641 1054 781 1084 Cereri.’
818 1055 856 1085 Id
880 1057 1041 1095 est‚P1·0-

342 1103 506 1142 scrpinae:
534 1104 578 1132 nil
605 1104 722 1134 mirum
741 1114 821 1143 ergo
838 1106 863 1135 si
889 1116 1042 1145 praesaga

341 1150 468 1182 funeris
486 1154 601 1189 Ceres,
617 1160 650 1183 et
673 1153 849 1185 funebrem
877 1157 1042 1194 arborem,

341 1207 375 1232 et
392 1212 498 1241 snam,
517 1203 558 1233 ad
583 1204 655 1233 illos
675 1214 749 1234 usus
768 1207 1040 1238 accommodarit.

341 1253 573 1283 Communiter
602 1260 713 1283 tamen
743 1255 841 1285 tandm
870 1257 1040 1295 nuptiales

340 1310 405 1332 nou
438 1312 479 1332 cx
509 1312 680 1341 cupresso,
707 1304 766 1333 sed
796 1314 837 1333 ex
866 1305 962 1344 spina
996 1306 1043 1345 pi-

341 1360 442 1390 nure,
473 1352 560 1381 l’lin.
587 1352 608 1381 l.
629 1360 704 1382 xrr.
728 1362 757 1382 c.
776 1356 825 1383 18.
852 1363 892 1383 ex
912 1355 1041 1385 Massu-

340 1401 400 1430 rio.
439 1401 535 1430 Maro
567 1401 599 1430 iu
628 1401 727 1441 Cyri:
763 1403 951 1434 ‘Pronuba
978 1414 1040 1436 nec

339 1454 451 1480 custos
469 1451 636 1480 accendet
653 1451 749 1490 pinus
764 1452 911 1483 θύοι-853
936 1455 1041 1485 Varro

339 1501 429 1540 apud
459 1501 607 1532 Nonium
636 1502 668 1532 iu
697 1502 884 1542 didasculo,
915 1504 956 1534 de
984 1515 1041 1535 nn-

339 1559 431 1580 mero
448 1549 584 1590 facium,
600 1552 800 1592 gestatione,
817 1554 955 1594 aliisque
974 1555 1042 1585 riti-

339 1600 410 1630 bus.
445 1601 554 1642 'l'irasp
578 1601 610 1631 iu
640 1601 740 1632 Alex.
774 1603 830 1634 lib.
847 1613 885 1634 11.
917 1614 992 1645 cap.
1010 1610 1040 1636 5.

339 1650 426 1680 adde
450 1652 569 1681 Senec.
598 1652 720 1683 Octav.
747 1658 815 1684 aet.
833 1663 874 1684 11.
900 1665 990 1686 scen.
1008 1659 1038 1686 2.

339 1705 406 1731 act.
436 1710 489 1731 111.
518 1712 609 1732 scen.
636 1705 664 1732 1.
696 1703 809 1734 I'lant.
827 1705 958 1743 Casina,
976 1711 1039 1736 act.

339 1760 363 1781 ι.
381 1761 471 1782 scen.
493 1755 520 1783 1.
546 1754 637 1784 Nota
658 1755 747 1794 apud
772 1755 940 1786 Romanos
960 1767 1039 1796 pue-

339 1811 390 1831 ros
415 1803 563 1841 patrimus
590 1803 680 1834 faces
723 1805 887 1844 praeferre
912 1807 1040 1839 solitos.

339 1852 429 1881 Plnt.
448 1852 563 1882 l'robl.
581 1862 656 1892 cap.
675 1856 705 1883 2.
731 1853 777 1884 At
793 1855 882 1894 apud
900 1856 1039 1886 Graecos

338 1908 493 1939 matrem,
521 1909 556 1933 nt
583 1903 635 1933 hic
667 1904 820 1942 habetur,
847 1910 882 1935 et
907 1907 1040 1936 aceedit

338 1952 452 1992 Enrip.
472 1953 588 1984 l’boen.
604 1954 612 1969 ‘
631 1954 702 1993 Ego
720 1959 830 1985 antem
849 1965 958 1996 neque
978 1956 1039 1987 tibi

336 2002 447 2032 lumen
477 2003 617 2033 accendi
647 2004 829 2043 legitimum
851 2005 1039 2046 innuptiis,

338 2051 425 2082 sient
444 2053 543 2083 decet
560 2053 727 2084 matrem!
761 2055 941 2094 Dempster.

380 2105 442 2132 380
481 2104 612 2134 l’osuere
638 2106 751 2145 comus]
798 2106 924 2136 Comum
949 2107 1037 2139 libri.

338 2151 382 2182 D.
401 2151 514 2182 Heius.

380 2204 443 2231 ssi}
468 2202 614 2232 :inimare
639 2204 678 2232 «ul
707 2204 814 2235 limina
839 2206 942 2245 tux-ts]
976 2208 1037 2237 Ar-

338 2260 421 2281 mure
435 2261 465 2290 pi
477 2252 529 2282 im.
544 2253 747 2283 Vaticanus:
767 2255 931 2293 quomodo
947 2256 1036 2295 apud

337 2301 452 2330 Silium
483 2302 504 2330 l.
534 2311 607 2332 ΧΠ.
639 2304 646 2318 ‘
667 2302 839 2335 Armatam
869 2306 944 2336 hinc
970 2307 1037 2345 igni

338 2351 450 2391 pinum
469 2356 501 2381 et
526 2352 704 2382 devolvere
729 2364 807 2384 saxa
829 2356 1037 2387 Certabant?

339 2401 453 2431 Pinum
472 2411 531 2440 pro
555 2401 685 2432 facibus
715 2404 822 2442 pineis
843 2407 960 2443 pouit:
988 2406 1035 2435 sic

338 2452 424 2482 enirn
443 2452 526 2481 libcr
543 2453 708 2492 optimus:
735 2455 832 2492 vulgo
857 2455 962 2484 molem
980 2455 1036 2484 mi-

338 2510 400 2531 nus
418 2502 511 2532 bene.
536 2503 740 2533 ()x0uien›is
751 2504 922 2534 animarum
936 2516 945 2540 ,·
959 2514 1037 2544 qno-

339 2550 438 2581 modo
454 2556 487 2581 et
505 2552 648 2582 Claverii
666 2553 783 2589 codex,
800 2555 886 2593 qnod
905 2555 949 2583 illi
970 2555 1036 2593 pla-

337 2605 405 2639 cet,
434 2606 472 2631 ut
504 2611 599 2632 ruere
625 2612 684 2642 pro
714 2613 833 2633 eruere
863 2610 1035 2635 munatio-2

337 2651 536 2692 subscripsit
559 2654 715 2684 Claverio
741 2655 911 2685 Barthins.
959 2657 1037 2686 Vul-

340 2706 420 2741 gata
436 2702 538 2735 lectio
552 2703 658 2745 proba
673 2709 725 2736 est
741 2708 776 2735 et
792 2705 946 2746 elegans:
971 2707 1038 2736 ‹mi-

534 161 674 192 NOTAE
707 158 972 190 VARIORUM
1006 159 1057 189 ΙΝ

1092 160 1167 191 CL.
1199 161 1381 192 CLAUD.
1417 160 1601 193 XXXVI.

1092 256 1196 286 mandi
1222 257 1322 287 verbo
1350 257 1548 297 frequenter
1568 255 1672 287 utitur
1689 256 1788 287 Clau-

1093 305 1231 344 dianns3
1259 307 1343 337 libro
1367 316 1404 336 ιι.
1432 306 1463 336 ἰιι
1490 305 1599 336 Rnfin.
1626 306 1634 321 ‘
1652 306 1789 336 Flexilis

1094 355 1238 386 inductis
1265 357 1432 387 animatur
1463 356 1582 386 lamina
1599 355 1789 387 membris:’

1095 405 1149 435 nbi
1178 416 1354 446 perperam
1379 417 1453 437 cnm
1473 407 1609 446 scriptis
1625 407 1792 437 nonnullis

1093 455 1237 485 humatur
1250 458 1378 495 legunt.
1396 458 1500 496 ant.
1517 456 1676 486 Honorii:
1694 458 1702 472 ‘
1715 456 1791 486 snb-

1094 504 1147 534 itis
1176 506 1366 536 animantur
1393 506 1568 535 frondibus
1592 505 1732 536 hastaet'
1757 510 1792 536 et

1093 554 1192 592 alibi;
1224 555 1329 594 ‘juga
1354 555 1479 585 deserit
1512 555 1621 585 Haemi
1645 555 1792 594 Orpheis

1094 604 1238 634 animata
1256 604 1396 634 modisz'
1421 605 1509 644 quod
1533 614 1573 634 ex
1595 605 1703 634 Statio
1719 604 1792 634 imi-

1095 658 1184 683 tatus
1210 653 1316 683 Theb.
1342 663 1420 684 riu.
1440 657 1448 670 ⁴
1465 655 1603 693 Tyriam
1622 654 1793 693 reptantia

1095 712 1175 732 saxa
1199 702 1251 732 Ad
1277 704 1412 742 chelyn,
1440 709 1475 733 et
1501 704 1627 733 subitas
1645 703 1793 734 animan—

1095 756 1162 781 tem
1180 751 1369 791 Amphiona
1382 752 1522 784 cantes.y
1548 753 1642 783 Idem
1654 753 1795 784 Surren-

1096 801 1164 830 tino
1183 801 1301 831 Pollii:
1321 803 1329 818 ⁴
1345 802 1380 832 δί
1399 803 1476 842 qnid
1494 802 1626 842 Apellei
1644 803 1793 841 gaudent

1094 852 1258 882 animasse
1284 853 1452 893 liquores!
1486 854 1579 884 Idem
1601 855 1734 884 Pietate
1752 854 1796 884 A-

1094 902 1258 933 bascautii
1276 914 1282 932 :
1306 907 1313 918 “
1327 904 1361 933 Si
1381 914 1497 934 manns
1514 910 1571 935 ant
1587 905 1711 934 similes
1735 904 1794 935 do-

1093 954 1165 983 cilis
1193 953 1270 983 mihi
1308 952 1437 993 fingere
1467 964 1572 991 cerae,
1610 954 1680 984 Aut
1710 953 1794 984 ebnr

1092 1003 1259 1043 impressis
1287 1013 1446 1034 aurumve
1480 1005 1626 1034 animare
1655 1003 1795 1044 figuris.’

1091 1053 1198 1083 Theb.
1218 1062 1262 1083 ri.
1289 1055 1296 1069 ‘
1319 1054 1404 1083 Exin
1423 1055 1669 1093 magnanimum
1691 1054 1794 1084 series

1092 1103 1228 1143 antiqua
1244 1109 1420 1143 parentum
1445 1104 1621 1134 Invehitur
1644 1104 1734 1133 miris
1760 1104 1793 1133 iu

1093 1153 1218 1182 vnltnin
1247 1153 1394 1182 animata
1419 1152 1556 1192 liguris)
1604 1154 1643 1182 In
1674 1154 1793 1182 cultum

1091 1202 1229 1231 animata
1258 1207 1293 1231 ut
1318 1203 1492 1240 sylvarum
1526 1201 1642 1240 tertio,
1668 1202 1794 1242 Laery-

1092 1251 1152 1280 mis
1179 1251 1335 1281 Etrusci:
1360 1253 1367 1266 ‘
1384 1252 1470 1282 Quae
1492 1250 1605 1281 divum
1631 1251 1662 1281 in
1680 1252 1792 1282 vultus

1091 1300 1158 1339 igni
1173 1299 1319 1331 formata
1334 1301 1499 1342 liquescat
1514 1301 1695 1332 Machina?
1711 1303 1795 1332 Pen-

1093 1350 1203 1381 tadius
1232 1351 1274 1382 de
1303 1352 1451 1382 adventu
1478 1353 1565 1382 veris
1597 1362 1639 1382 ex
1663 1352 1792 1393 optimo

1092 1401 1229 1432 codice:
1268 1402 1421 1442 ζἶὲειιιίυ,
1453 1402 1542 1441 fugit
1568 1404 1696 1443 hyems,
1729 1403 1794 1434 Ze.-

1092 1452 1272 1492 phyris-que
1310 1444 1538 1484 animantibus
1568 1454 1684 1484 orbem
1714 1454 1792 1485 Jam

1092 1506 1186 1541 tepet
1222 1504 1329 1532 Eurus
1371 1504 1476 1543 aquis.
1538 1506 1668 1542 sentio,
1703 1503 1794 1543 fugit

1092 1551 1206 1592 hyems
1219 1553 1236 1582 :’
1255 1554 1354 1589 vulf-ro
1369 1554 1556 1584 moventibus
1572 1554 1683 1585 orbem.
1713 1555 1792 1585 Ani-

1092 1603 1170 1632 muri
1198 1603 1301 1642 igitur
1318 1603 1407 1639 χαι-σε
1435 1604 1537 1635 dictae
1567 1615 1641 1644 qnae
1673 1613 1792 1635 acceu-

1093 1652 1240 1682 dnntnr:
1282 1653 1327 1683 sic
1358 1655 1488 1684 lucerna*
1515 1655 1648 1684 animam
1682 1654 1791 1685 Varro

1092 1702 1176 1732 dixit
1194 1703 1361 1741 ssiinarco⁷
1378 1704 1385 1719 ‘
1406 1705 1622 1735 Noctilucam
1641 1705 1734 1744 tollo,
1750 1705 1792 1735 ad

1091 1752 1203 1783 focum
1224 1752 1308 1791 fero,
1332 1752 1427 1784 intio:
1456 1755 1566 1785 anima
1584 1755 1756 1786 reviviscit
1770 1755 1791 1786 :¹

1092 1804 1187 1842 plura
1211 1804 1273 1834 hoc
1302 1805 1375 1835 loco
1404 1806 1560 1835 secundis
1592 1806 1680 1836 curis
1708 1807 1792 1836 Bar-

1093 1853 1189 1883 ihins.
1235 1854 1315 1884 Pari
1330 1855 1429 1885 modo
1447 1860 1481 1886 et
1494 1858 1501 1872 ‘
1519 1856 1609 1886 viras
1626 1855 1793 1887 lncernas’

1091 1904 1254 1934 Horatius
1286 1905 1383 1937 dixit.
1436 1906 1578 1936 Plautus
1604 1906 1792 1945 Aulularia,

1091 1961 1157 1986 aet.
1174 1965 1195 1986 ι.
1212 1966 1257 1986 sc.
1272 1960 1302 1986 2.
1323 1958 1331 1972 ‘
1349 1957 1383 1987 δί
1401 1957 1492 1988 vivet
1517 1958 1614 1997 ignis,
1633 1963 1666 1988 tn
1683 1958 1793 1988 extin-

1090 2015 1192 2043 guere
1210 2006 1429 2046 extempulo)
1466 2007 1607 2038 Ovidius
1633 2017 1680 2038 vr.
1703 2009 1791 2040 Met.

1088 2057 1096 2070 ⁴
1115 2057 1198 2086 Cum
1231 2056 1324 2087 vitiet
1353 2057 1535 2088 AEsoniden
1569 2058 1790 2099 extinctaque

1089 2104 1221 2135 flamma
1248 2107 1404 2136 revixitz'
1448 2107 1494 2137 ita
1521 2118 1561 2137 ex
1589 2108 1791 2139 membranis

1089 2156 1318 2195 scribendum,
1349 2167 1415 2187 non
1444 2159 1577 2188 reluxit:
1620 2160 1718 2198 plura
1748 2159 1791 2189 ad

1088 2205 1179 2236 illuni
1198 2207 1317 2237 locuni.
1364 2209 1535 2237 Caeterum
1563 2209 1625 2237 ruit
1654 2209 1790 2239 animare

1088 2262 1203 2286 nostro
1220 2256 1360 2293 dictum,
1377 2261 1413 2286 nt.
1431 2257 1495 2286 ruit
1518 2257 1619 2287 dicere
1642 2257 1790 2297 Proper-

1090 2307 1135 2335 tio
1153 2306 1171 2335 1.
1191 2315 1237 2336 ιν.
1258 2306 1310 2335 El.
1329 2309 1357 2336 l.
1380 2307 1388 2321 ‘'
1410 2307 1486 2337 Quo
1512 2307 1576 2335 ruis
1593 2307 1789 2346 imprudens

1089 2365 1173 2393 vaga
1199 2355 1313 2385 dicere
1338 2355 1443 2394 facta,
1468 2356 1627 2396 Properti
1643 2356 1664 2386 r'
1694 2361 1790 2389 munt

1086 2407 1162 2435 scire
1193 2407 1326 2436 Lucano
1354 2407 1409 2437 lib.
1438 2416 1500 2437 xii.
1539 2408 1657 2438 ‘Scire
1686 2415 1789 2440 ruunt

1087 2461 1215 2495 quanta
1248 2455 1373 2486 fuerint
1409 2457 1565 2487 mercede
1595 2459 1789 2491 nocentes?

1088 2511 1123 2535 nt
1154 2506 1221 2534 illic
1248 2506 1383 2544 optinum
1407 2506 1622 2538 membranae.
1660 2508 1788 2548 Perpe-

1088 2564 1157 2584 ram
1175 2556 1276 2585 colunt
1300 2557 1330 2585 in
1353 2557 1506 2595 vulgatis.
1540 2558 1666 2588 Statius
1682 2558 1787 2590 Theb.

1089 2613 1135 2634 vi.
1161 2606 1253 2634 ‘ruit
1287 2606 1515 2645 Haemonium,
1540 2608 1619 2638 dum
1637 2607 1787 2639 fervidus

1087 2654 1190 2684 instat
1227 2654 1410 2687 Admetum
1444 2667 1606 2697 superare
1643 2658 1787 2689 Thoasz'

1088 2705 1147 2736 lib.
1174 2714 1237 2737 v11.
1268 2707 1488 2739 ‘novercales
1518 2708 1644 2740 ruimus
1677 2708 1786 2740 ditare
