1859 3148
372 135 484 177 1768
592 143 846 177 REGENSUS
881 142 1165 174 EDITIONUM
1200 142 1273 173 cl„
1305 144 1602 174 anuniAui.

367 245 550 286 busdam
571 245 713 284 visum
733 245 820 291 est3
852 241 1179 294 comparatione
1199 242 1317 283 facta
1330 244 1438 283 inter
1457 243 1578 282 illius
1597 241 1816 285 Perditam

368 316 411 352 et
430 312 555 366 hujus
577 309 886 360 Proserpinam
908 308 1036 348 flores
1059 309 1326 361 colligentes.
1369 309 1431 350 At
1451 323 1527 362 pro
1548 315 1665 350 certo
1687 310 1816 352 Clau-

366 379 540 420 dianum
561 377 756 429 sequitur
780 375 995 417 Miltonus
1015 377 1058 416 in
1079 377 1249 419 Latinis
1271 378 1361 418 suis
1391 378 1682 431 poematibus,
1703 392 1815 432 prae-

366 447 495 499 cipue
542 445 585 484 in
624 456 676 483 eo
715 442 770 483 de
818 443 967 496 quinto
1010 444 1288 495 Novembris,
1320 459 1397 486 nec
1428 447 1573 486 minus
1607 447 1734 498 plane
1770 447 1815 486 in

366 511 578 554 Paradiso
600 509 796 561 Amisso,
817 512 893 551 ubi
919 512 1088 554 hortum
1117 513 1319 553 Paradisi
1351 514 1546 566 depingit
1580 518 1621 553 et
1654 514 1816 554 Satana

364 580 609 620 obumbrat.
671 579 763 619 Hic
795 579 928 620 lector
957 592 1097 629 sagax
1131 580 1346 619 discernat
1378 581 1481 632 quid
1511 581 1720 621 Miltonus
1742 581 1813 620 de-

362 647 501 687 buerit
534 646 655 687 libris
692 645 921 687 Claudiani
944 646 997 686 de
1018 646 1197 696 Rufino,
1233 650 1274 686 et
1295 647 1478 699 pulchro
1499 647 1689 700 ejusdem
1708 647 1815 700 1)οέ-

360 714 466 754 mati
498 713 550 754 de
573 714 723 769 Raptu
745 714 1035 767 Proserpinae.

417 781 473 822 Et
500 782 595 823 haee
617 782 670 822 de
694 781 955 831 Claudiano,
998 781 1204 833 scriptore
1233 784 1323 821 tam
1351 780 1474 821 diviti
1499 779 1708 821 varietate
1729 793 1816 822 ser-

359 849 500 890 monis
517 862 648 903 quam
669 850 778 890 mira
790 850 983 890 novitate
1000 862 1140 889 rerum
1157 848 1327 900 insigni,
1343 849 1468 901 cujus
1489 849 1635 888 onmia
1655 849 1814 901 raptim

360 918 645 971 comprobare
658 917 911 958 temeritatis
933 921 1061 966 esset,
1076 917 1210 957 multa
1231 929 1317 956 non
1340 916 1540 956 admirari
1563 915 1813 966 dementiae3

359 985 524 1038 quippe
547 986 638 1039 qui,
660 986 698 1025 si
727 998 848 1038 same
881 985 1253 1037 descriptionibus
1284 984 1489 1032 luxuriet,
1509 988 1549 1023 et
1569 981 1809 1036 μειρακιώδης

359 1052 447 1100 fiat,
470 1056 510 1092 et
530 1065 664 1105 saepe,
686 1053 865 1092 multum
896 1053 1007 1091 inter
1037 1053 1254 1105 principes
1288 1055 1330 1091 et
1363 1064 1569 1104 proceres
1599 1055 1812 1100 versatus,

358 1118 676 1160 adulationibus
698 1123 931 1168 tumescat,
955 1124 997 1159 et
1022 1119 1175 1159 leviter
1207 1132 1253 1158 se
1283 1122 1415 1170 gerat,
1448 1130 1646 1169 magnam
1669 1121 1812 1157 tamen

357 1186 472 1238 apud
494 1192 675 1235 veteres,
709 1200 791 1226 nec
823 1188 966 1226 minus
1004 1186 1122 1238 apud
1154 1185 1400 1234 hodiernos,
1433 1185 1607 1225 criticos
1638 1184 1813 1225 laudem

358 1253 607 1302 obtinuerit;
639 1266 719 1292 nec
741 1253 980 1302 innnerito3
1017 1264 1206 1304 namque
1229 1251 1300 1291 hic
1320 1251 1435 1291 idem
1458 1252 1670 1304 elegantia
1690 1252 1811 1302 nitet,

356 1318 583 1371 majestate
605 1318 779 1367 incedit,
802 1318 963 1359 sabulis
995 1318 1212 1359 foecundis
1243 1324 1285 1360 et
1305 1319 1488 1372 picturis
1510 1319 1810 1372 pulcherrimis

356 1385 576 1437 splendet:
611 1385 758 1425 onmia
777 1389 826 1426 ut
846 1385 891 1425 in
911 1399 996 1426 uno
1016 1386 1150 1426 verbo
1172 1385 1386 1435 dicamus,
1408 1387 1483 1426 ubi
1506 1385 1654 1439 poeta,
1677 1386 1811 1427 aulici

356 1453 589 1494 ambitione
642 1453 843 1506 fastuque
881 1453 1121 1502 summotis,
1158 1453 1363 1505 loquitur,
1400 1452 1587 1507 poeticis
1625 1454 1808 1503 deliciis,

357 1519 430 1559 vix
454 1520 526 1560 ulli
550 1520 782 1570 secundus,
804 1522 972 1574 saepius
994 1520 1185 1561 abundat
1207 1519 1495 1562 Claudianus.
