1763 3116
511 134 570 163 DE
605 132 668 161 vl.

701 130 839 161 coNs.

874 129 1059 159 noNoR.
1401 118 1512 158 1577

659 373 906 415 XXVIII.

232 559 332 606 DE
376 558 468 605 vl.

97 736 111 763 l
139 734 259 773 Aurea]
286 734 400 763 Roma*
420 732 547 772 templa
565 741 645 762 auro
663 736 755 762 tecta

53 790 240 823 agnoscunt
257 785 458 824 scriptores:
476 782 553 813 iude
570 783 677 823 ipsam
691 783 755 813 Ro-

53 844 139 865 mam
158 844 293 865 auream
310 835 440 864 dicunt.

96 884 245 914 Fortunoe
267 883 386 922 reduci]
421 882 521 913 Culta
544 882 662 912 Romae
688 882 752 912 hoc

51 933 161 972 titulo,
184 933 263 974 quia
279 933 436 963 absentes
458 931 638 971 Principes
665 932 752 963 votis

51 984 198 1014 omnium
231 983 509 1023 reposcebantur.
565 981 751 1021 Inscriptio

49 1035 170 1074 Vetus,
187 1034 353 1064 Divione:
379 1042 408 1064 J.
425 1042 459 1062 o.
482 1040 519 1062 M.
546 1039 598 1062 ΕΤ.
619 1040 751 1062 ι-ὀΗΤυ-

52 1093 118 1115 NAE.
148 1092 293 1114 ernucr.
325 1091 406 1114 PRO.
431 1090 574 1112 SALUTE.
606 1090 676 1112 1TU.
708 1090 751 1112 ΕΤ

50 1142 196 1165 Remus.
218 1133 319 1164 Unde
338 1137 436 1172 paret
453 1132 526 1172 ipso
541 1132 636 1162 exitu
654 1132 750 1162 Prin-

49 1184 163 1224 cipum
182 1184 261 1215 talia
280 1189 358 1214 vota
375 1182 477 1214 facta.
507 1183 622 1214 Barth.

94 1234 240 1264 Fortuuoe
252 1233 374 1273 reduci]
386 1233 488 1263 Varia
500 1233 579 1263 olim
597 1232 751 1272 epitheta

49 1283 126 1314 Diis
149 1284 299 1323 gentium
327 1283 529 1323 adsignata3
554 1282 611 1313 sed
639 1283 750 1313 Foren-

50 1346 121 1366 mzm
144 1337 283 1366 reducem
309 1344 374 1365 non
402 1335 481 1373 leci,
516 1334 579 1365 nisi
605 1334 664 1365 sub
693 1335 751 1364 im-

52 1386 148 1425 perio
174 1385 376 1416 Domitiani.
417 1384 607 1415 Martialis:
645 1386 654 1401 ‘
684 1384 751 1415 Hic

51 1435 107 1466 ubi
135 1436 293 1466 Fortunae
320 1434 470 1465 Reducis
493 1434 661 1474 fulgentia
685 1436 751 1465 late

49 1485 189 1525 Templa
202 1486 324 1524 nitent,
337 1483 417 1515 felix
433 1494 513 1515 area
525 1494 634 1524 nuper
651 1485 751 1516 erat.’

51 1536 172 1567 Clater.

94 1586 236 1626 Priores]
272 1586 438 1627 MajoreS‚
475 1585 595 1627 inquit,
631 1585 749 1616 nostri.

51 1636 145 1667 Prius
161 1639 249 1668 enim
267 1638 339 1667 olim
355 1635 507 1667 denotat.
534 1635 649 1666 Barth.

93 1690 112 1718 2
138 1687 186 1718 Ob
202 1688 335 1718 reditum
351 1686 477 1726 ducum]
500 1687 591 1717 Vota
613 1696 672 1728 pro
691 1687 750 1717 Re-

50 1739 118 1769 dita
136 1739 257 1769 Ducum
272 1743 454 1778 concepta.
493 1737 673 1776 Horatius,
692 1737 750 1769 lib.

53 1798 101 1820 lv.
119 1788 185 1820 Od.
208 1792 237 1820 2.
261 1789 270 1805 ‘
289 1788 454 1820 Concines
484 1788 644 1828 laetosque
680 1787 752 1818 dies

52 1844 85 1870 et
103 1839 204 1870 Urbis
221 1839 400 1870 Publicum
414 1838 558 1876 Ludunt,
574 1848 677 1879 super
693 1839 752 1869 im-

51 1894 187 1930 petrato
205 1890 317 1920 Fortis
333 1888 478 1929 Augusti
495 1888 632 1920 reditu.’
656 1889 752 1920 Idem.

98 1941 168 1971 Non
193 1940 319 1980 dignius
337 1939 484 1981 unquam]
507 1940 643 1971 Primus
657 1940 752 1972 Med.

53 2001 137 2021 num.
160 1991 295 2022 Tholos.
320 2000 399 2021 nunc
422 1994 593 2031 corrupte.
627 1991 691 2021 Pro
706 2000 754 2021 re·

53 2041 121 2071 dieu
138 2050 269 2082 quoque
287 2051 352 2072 sec.
374 2041 530 2072 vatican.
557 2052 623 2073 non
642 2042 690 2072 01)
706 2053 752 2073 re-

53 2091 163 2121 ditum.
208 2091 305 2122 Idem
335 2101 411 2122 mox
438 2091 548 2122 Latias
576 2102 663 2123 arces
691 2102 753 2134 pro

53 2143 171 2182 amplas
185 2143 276 2173 cedes.
298 2143 345 2173 D.
362 2142 482 2174 Heins.

95 2195 114 2224 4
142 2192 271 2224 Trabeis
291 2196 456 2233 reparatur
480 2196 509 2223 et
539 2192 632 2233 Urbi]
661 2192 754 2224 Prae-

53 2244 161 2274 sentia
184 2243 368 2284 Principis,
394 2243 614 2274 Consulatum
639 2244 753 2274 ineun-

55 2293 108 2324 tis.
142 2293 174 2323 Is
199 2294 285 2324 enim
312 2298 346 2324 et
374 2294 504 2324 Urbem
535 2300 570 2325 et
594 2295 753 2325 honorem

58 2353 132 2373 eum
147 2345 296 2383 pristinae
314 2344 472 2384 dignitati
491 2345 654 2376 restituit.

104 2393 271 2433 Repelalur
287 2398 314 2424 et
334 2395 427 2435 Urbi]
447 2396 622 2426 Claverius
640 2401 674 2426 et
691 2396 755 2426 Ra-

60 2443 148 2482 pliel.
175 2453 249 2474 cum
281 2444 402 2485 Isingr.
432 2449 467 2476 et
497 2445 753 2487 quatuordecim

58 2493 179 2522 nostris
194 2498 376 2532 reparatur:
402 2505 485 2535 quos
504 2496 593 2526 inter
608 2501 642 2527 et
657 2497 754 2536 prim.

58 2543 169 2572 Vatic.
193 2543 285 2573 Malo
299 2550 411 2574 tamen
424 2550 585 2586 reparetur
600 2557 675 2578 cum
690 2547 754 2577 Lu-

59 2603 149 2623 cens.
167 2597 201 2622 et
217 2593 357 2632 Gyrald.
384 2595 428 2625 D.
448 2595 558 2626 Heius.

102 2649 119 2674 5
158 2644 324 2684 majestas]
361 2646 555 2677 Consularis
593 2647 754 2688 dignitas.

60 2694 177 2725 ΒανΙΙι.

519 556 751 605 CONSU
762 556 940 604 LATU
995 556 1148 603 HON
1159 555 1338 604 ORII.

853 732 985 771 Campus
1007 731 1138 762 solennis
1164 735 1194 762 et
1216 731 1310 772 urna]
1337 730 1448 771 Compi
1475 734 1511 761 et

807 791 893 811 urna>
911 782 1161 822 Raplieleugius
1179 792 1219 812 ex
1236 782 1431 823 conjectura
1449 781 1511 812 viri

808 833 965 863 Illustris.
1005 843 1070 864 non
1107 843 1238 875 sequor.
1277 843 1434 874 campum
1476 837 1512 863 et

807 894 924 914 urnam
962 884 1054 924 (quae
1082 885 1148 914 duo
1181 885 1335 915 Lucanus
1376 893 1511 925 quoque

806 934 986 974 conjungit
1002 934 1059 964 lib.
1077 944 1108 964 v.
1138 933 1231 974 392.)
1255 944 1316 974 pro
1343 933 1512 974 suffragiis

807 984 915 1023 ponit,
954 994 1029 1024 quae
1068 984 1285 1014 ludebantur.
1332 984 1371 1014 In
1402 983 1511 1023 primo

806 1038 919 1062 tamen
937 1032 1106 1063 Vaticano
1123 1043 1142 1063 a
1158 1043 1259 1064 manu
1276 1034 1387 1073 prima
1407 1044 1512 1074 cumpo

803 1083 958 1119 solennis;
981 1093 1047 1114 non
1064 1084 1150 1114 male
1166 1095 1174 1122 ;
1200 1088 1237 1114 ut
1254 1083 1374 1114 luditur
1390 1083 1430 1114 ad
1448 1093 1512 1114 mn-

795 1133 943 1172 jestntem
960 1133 1137 1165 referatur.
1174 1135 1221 1164 D.
1240 1134 1352 1164 IIeins.

852 1184 956 1225 Urna]
984 1185 1024 1216 In
1041 1195 1141 1227 quam
1165 1185 1311 1216 collecta
1337 1183 1511 1224 suffragia.

805 1236 1018 1267 Versabatur
1034 1245 1130 1275 urna,
1153 1235 1231 1266 inde
1254 1239 1362 1266 sortes
1387 1234 1512 1265 exime-

806 1285 942 1316 bantur.
969 1286 1085 1316 Barth.

853 1335 955 1375 Urna]
980 1337 1103 1366 Lucan.
1121 1344 1154 1365 v.
1173 1336 1181 1351 ‘
1198 1336 1439 1374 Decantatque
1454 1334 1513 1364 tri-

806 1386 867 1416 bus
885 1390 917 1416 et
937 1396 1021 1416 vana
1037 1389 1150 1415 versat
1168 1384 1199 1414 in
1214 1383 1319 1414 nrna.’
1345 1384 1467 1415 Clau-er.

849 1438 869 1465 6
894 1436 1032 1465 Luditur
1050 1435 1081 1465 ἰη
1098 1434 1226 1474 morem]
1251 1435 1298 1465 Ut
1316 1433 1398 1464 mori
1417 1434 1512 1465 satis-

805 1484 879 1523 fiat,
905 1486 1128 1525 gesticulatur
1159 1485 1405 1525 quodammodo
1434 1494 1511 1516 aue-

807 1536 948 1566 toritate
968 1536 1125 1566 aliorsum
1141 1536 1316 1566 translata.

850 1585 889 1616 In
912 1585 1040 1625 morem]
1073 1586 1123 1616 Ex
1152 1586 1225 1616 sola
1250 1586 1511 1625 consuetudine,

808 1636 855 1666 uti
877 1636 968 1666 solus
994 1646 1064 1666 mos
1089 1640 1258 1665 servetur.
1298 1635 1510 1666 Ceremoniae

808 1687 897 1718 euim
913 1687 991 1717 solae
1009 1695 1101 1716 mera
1117 1686 1275 1717 ludibria.

851 1738 974 1778 Species
989 1748 1042 1768 nec
1059 1737 1182 1768 dissona
1204 1737 1298 1777 coetu]
1319 1736 1446 1773 Figura
1462 1737 1511 1767 rei

803 1789 1058 1820 inconveniens.
1082 1788 1197 1820 Coetus
1219 1797 1283 1818 non
1310 1794 1451 1818 coactus
1469 1788 1512 1817 01»

803 1851 875 1871 eam
894 1850 977 1878 rem,
1002 1850 1100 1880 quam
1127 1839 1241 1879 specie
1260 1849 1329 1878 prae
1360 1849 1395 1868 se
1421 1839 1510 1870 tulit.

805 1890 942 1931 Species
971 1895 1022 1921 est
1039 1890 1094 1920 ubi
1118 1890 1223 1920 solam
1250 1890 1509 1930 simulatamque

805 1941 852 1971 rei
870 1940 1012 1981 figuram
1031 1940 1185 1971 denotat.
1211 1940 1327 1971 Barth.

847 1994 864 2021 7
894 1991 1069 2029 Peregrina
1100 1989 1218 2030 imag-0]
1258 1990 1438 2020 potestate
1477 1989 1509 2019 iu

804 2051 906 2072 unum
924 2042 1049 2072 collata
1066 2052 1085 2072 a
1103 2041 1220 2081 populi
1235 2039 1415 2080 suffragiis.
1444 2041 1510 2070 Yel

805 2097 840 2123 et
867 2093 968 2123 armis
999 2092 1110 2122 omnia
1143 2091 1352 2130 tenentibus,
1382 2095 1441 2121 aut
1473 2101 1509 2121 re

806 2153 868 2173 non
887 2147 1094 2182 agnoscente
1122 2143 1284 2183 speciem.
1320 2142 1508 2173 Simulaba—

805 2193 934 2233 turjus
951 2193 1110 2232 eligendi,
1136 2193 1227 2234 quod
1256 2202 1359 2233 penes
1388 2192 1511 2232 princi·

807 2254 882 2283 pern
900 2249 986 2282 erat,
1005 2245 1119 2285 populi
1136 2244 1245 2274 adhuc
1270 2253 1357 2282 esse,
1375 2243 1511 2274 adhibe-

807 2294 998 2335 banturque
1016 2295 1216 2325 ceremoniae
1240 2293 1408 2334 suffragiis
1425 2294 1510 2325 libe-

806 2346 849 2375 ris
882 2346 960 2376 olim
993 2346 1145 2382 sancitae,
1175 2356 1247 2387 qum
1282 2355 1370 2376 nuuc
1403 2355 1508 2376 cassm

805 2401 914 2436 erant,
929 2401 962 2427 et
981 2407 1046 2427 non
1063 2397 1293 2437 agnoscebant
1322 2406 1390 2427 rem
1410 2406 1508 2437 quam
1552 2408 1556 2409 ⁷

806 2454 997 2488 praetexere
1010 2448 1235 2488 jubebantur.

849 2499 996 2529 Simuluti
1011 2499 1098 2537 juris
1120 2498 1237 2538 imago]
1264 2499 1329 2528 Vix
1355 2503 1509 2528 extrema

806 2550 924 2580 umbra
952 2549 1065 2581 fictitii
1081 2550 1187 2581 Juris.
1225 2550 1288 2579 Vix
1319 2549 1405 2579 enim
1436 2547 1509 2577 reli·

805 2600 893 2640 quiae
910 2600 1062 2641 qumdam
1078 2600 1182 2640 prisci
1197 2600 1291 2632 Juris
1307 2599 1430 2638 Populi
1446 2598 1508 2627 Ro·

805 2651 892 2681 niani
910 2651 940 2680 iu
952 2650 1155 2681 ceremoniis
1170 2650 1380 2680 comitiorum
1393 2656 1507 2686 super-

806 2705 916 2740 erant,
942 2701 1042 2731 armis
1059 2705 1095 2731 ct
1111 2699 1289 2739 majestate
1316 2696 1507 2738 principum
