1763 3116
539 155 603 184 DE
637 154 792 183 BELLO
825 154 848 181 G
861 154 1017 183 ETlCO.

61 247 250 287 prm-ordia
268 246 456 278 l‘hoehum.'
485 246 600 277 Barth.

102 301 161 328 601
192 298 264 328 '1'qu
289 297 495 328 descendimus
517 298 600 337 ense]
631 296 658 325 A
686 296 754 335 gla-

59 350 256 386 diatoribus,
271 349 326 390 qui
345 349 500 379 missione
517 358 536 377 a
554 349 679 388 populo
697 358 753 379 ue-

60 405 138 439 gata
154 399 407 436 occidebantur,
425 398 610 428 victoribus
628 397 751 429 ferrum

58 449 130 479 imis
146 448 325 479 visceribus
340 448 630 487 immergentibus.
656 448 753 481 Idem.

100 501 205 531 Altius
219 500 438 540 descendimus]
455 500 530 530 Hoc
549 500 684 530 verbum
703 510 752 530 sa-

56 552 98 582 tis
110 552 286 588 tumidum,
302 553 359 582 sed
377 554 458 582 inire
475 551 604 583 efficax.
631 552 751 582 clm-er.

98 605 160 632 603
188 602 316 638 Tanain,
355 603 449 643 Istri]
496 604 689 635 Danubium
719 610 753 636 et

53 651 195 690 Tanain,
213 663 286 693 qua¹
315 654 541 685 diversissima
566 656 632 685 duo
648 655 754 686 flumi-

54 711 98 732 na
136 703 292 743 imperite
337 705 487 734 nonnulli
526 705 754 737 confundunt.

55 752 209 783 Flumina
234 763 294 793 pro
313 755 444 794 populis
467 766 640 796 usurpare,
658 758 753 788 Clan-

54 801 156 832 diano
172 803 436 836 usitatissimum.
470 807 584 838 Barth.

98 856 161 883 006
187 854 289 884 Caedis
314 856 440 895 avarus]
485 857 541 887 Sic
580 857 753 888 libidinem

55 903 223 942 sanguinis
251 903 420 934 Arnobins
446 905 542 936 dixit.
589 907 650 936 Est
664 907 751 937 enim

55 958 90 983 et
118 953 149 982 in
172 953 265 982 cardo
291 954 498 984 inimicorum
521 956 673 995 avaritia,
699 967 753 987 cu—

55 1002 134 1043 pide
150 1012 300 1040 grassans
324 1005 427 1034 etiam
456 1006 543 1035 ultra
570 1006 752 1037 vindictam

54 1058 113 1083 aut
131 1053 226 1083 iram.
252 1054 348 1084 Idem.

96 1104 158 1132 609
184 1103 237 1132 Ira
254 1102 381 1142 furens]
415 1104 634 1135 Notissinium
662 1111 752 1137 vete-

54 1152 100 1183 ris
113 1153 293 1193 Sapienti-‹1›
312 1154 445 1193 scitum,
468 1155 558 1186 Iram
575 1166 649 1186 esse
666 1156 754 1187 furo·

55 1213 138 1234 rem.
184 1205 388 1243 Augustinus
406 1206 585 1246 Epistolis:
625 1207 755 1237 ‘Furor

54 1260 105 1285 est
124 1256 171 1286 ira
198 1257 321 1295 brevis,
337 1267 410 1297 quae
441 1268 506 1288 non
527 1264 593 1288 tatu
617 1259 753 1289 maliti'ae

56 1307 243 1347 proposim,
269 1318 368 1348 quam
390 1314 515 1339 eventu
541 1309 653 1339 subito
679 1319 755 1339 con-

56 1357 180 1397 tingit.’
208 1358 302 1389 Idem.

98 1411 160 1438 610
194 1411 355 1439 ,txsumtus
378 1409 463 1449 igme]
499 1409 582 1449 Igne
610 1414 754 1450 ereptas,

54 1467 127 1488 cum
144 1458 321 1488 Valentem
344 1465 525 1489 exurerent
544 1459 660 1489 Gothi.
700 1459 755 1489 In-

53 1513 132 1548 epte
147 1508 223 1538 libri
243 1509 393 1538 nonnulli
407 1509 447 1539 de
461 1509 594 1549 ignibus
611 1519 755 1549 gemma-

55 1568 138 1598 rum,
162 1558 282 1599 quibus
308 1558 402 1589 docti
426 1559 618 1589 inconsulte
643 1569 754 1590 assen-

54 1609 193 1640 tiuntur.
218 1610 315 1641 Idem.

94 1660 277 1700 Assumptus
301 1661 372 1701 igne
395 1659 545 1700 valentes]
567 1660 691 1700 Scripti
708 1671 756 1691 as-

52 1714 241 1751 sumptoque,
256 1711 504 1751 absmnptasque,
526 1711 755 1752 absumptoqae.

54 1761 123 1792 Pro
140 1763 276 1793 valentes
291 1768 386 1793 ret-te
414 1762 551 1793 Valentis
569 1762 754 1793 Claverius.

57 1812 148 1852 Lego
164 1812 374 1853 absumptique
391 1813 462 1852 igne
491 1814 643 1844 ls'alentis:
668 1814 756 1845 male

55 1863 226 1903 vulgatam
244 1864 404 1894 Barthius
423 1869 547 1895 tuetur.
583 1865 626 1896 D.
645 1865 756 1896 Heius.

98 1913 176 1952 Igne
195 1914 348 1954 Valentis]
372 1914 441 1945 Alii
459 1915 523 1955 leg.
536 1916 672 1946 valenles
683 1926 756 1947 exu-

56 1963 129 2002 uias,
156 1966 242 2005 qnod
259 1966 285 1995 si
303 1976 417 1996 verum
434 1970 496 2006 est,
522 1967 685 2006 pretiosas
700 1977 756 1997 ex-

56 2023 152 2053 pon0.
197 2015 264 2045 Sed
294 2016 382 2046 enim
413 2021 546 2047 constat
576 2017 755 2047 Valentem

55 2063 142 2104 Imp.
170 2066 201 2095 in
231 2067 366 2106 tugurio
391 2067 588 2103 ustulatum,
616 2068 755 2108 ejusque

56 2124 169 2155 gazam
189 2115 231 2146 ab
244 2116 382 2147 Alarico
396 2117 576 2156 direptam,
594 2117 649 2147 nbi
667 2118 756 2148 iuter

55 2169 181 2195 caetera
214 2170 376 2205 poterunt
407 2176 480 2196 esse
513 2172 625 2196 vestes
655 2167 756 2206 regiae

57 2223 207 2254 gemmeo
226 2216 408 2255 splendore
426 2215 648 2255 fulgurantes.

98 2267 157 2295 611
185 2265 312 2295 Miseris
337 2265 374 2296 ab
400 2266 513 2306 Argis]
547 2266 708 2306 Spoliatis
726 2267 756 2297 in

56 2314 151 2345 clade
190 2316 248 2345 illa
287 2316 390 2346 totius
423 2315 568 2346 Gra‘ciae
608 2317 757 2356 urbibus,

56 2364 199 2395 Athenis
220 2370 255 2396 et
277 2366 404 2397 Thebis
430 2371 560 2397 tantum
590 2369 756 2408 exceptis,

63 2414 173 2445 Barth.

100 2466 163 2494 612
187 2463 348 2503 spirantia
358 2465 462 2506 signa]
487 2466 695 2497 Corinthium
713 2477 758 2498 ’ωε

58 2512 277 2551 notissimum,
292 2515 463 2545 notissima
480 2517 583 2547 etiam
599 2526 677 2547 vasa
695 2518 757 2549 Co-

59 2562 193 2593 rinthia.
235 2563 418 2604 Spirantia‚
443 2567 519 2596 viva
542 2576 648 2607 pene;
673 2567 757 2597 vivis

58 2612 239 2642 simillima.

102 2662 268 2703 Corintho]
296 2663 547 2697 Nobilissimum
572 2677 616 2697 aes
642 2667 756 2699 Coriu-

1394 146 1506 187 1573

806 247 924 285 thium,
950 247 1161 278 nobilissima
1184 247 1286 277 etiam
1313 256 1419 287 opera
1443 250 1505 281 (Jo-

806 298 906 328 riuthi
924 297 1027 328 facta.
1052 298 1167 329 Barth.

845 350 908 378 613
927 348 1069 378 Callidus
1080 352 1152 378 ante
1162 348 1267 388 pedes]
1292 347 1338 378 Ut
1352 347 1504 379 intentus

804 399 920 439 spoliis
947 399 1042 429 miles
1071 408 1090 429 a
1117 398 1355 439 persecutione
1377 396 1506 438 fugien—

806 450 888 480 tium
906 449 1096 479 desisteret.
1124 449 1217 479 Idem.

847 502 908 530 615
932 499 1042 529 Justos
1068 499 1208 538 praebent
1236 499 1376 530 stimulos
1405 509 1509 530 monu-

805 553 906 580 menta
916 548 1045 588 doloris]
1071 548 1122 579 Ad
1138 558 1271 589 poenam
1284 548 1327 579 de
1341 549 1507 580 scelerato

806 600 966 639 sanguine
983 600 1214 630 hauriendam.
1240 599 1337 629 Idem.

847 653 910 681 616
935 651 1098 691 Captivam
1110 648 1234 688 vulgus]
1251 649 1413 679 Mulieres
1428 659 1509 690 pue·

807 702 914 742 rique.
941 701 1038 732 Idem.

848 755 911 783 619
947 752 1059 782 Oscula
1088 750 1225 790 dextris]
1263 750 1429 791 Loquitur
1452 750 1507 782 hic

807 803 849 832 de
867 803 962 833 Italis
985 803 1098 842 potius
1123 801 1265 841 captivis
1291 799 1508 839 Claudianus,

807 863 907 893 quam
924 853 1008 892 aliis,
1025 853 1157 883 scilicet
1176 861 1257 892 quos
1275 851 1316 882 ad
1332 852 1508 881 Timavum

807 909 958 943 ceperat,
986 904 1041 932 ubi
1068 903 1187 932 vulnus
1216 902 1386 942 accepisse
1411 902 1509 932 Rem-

806 953 975 992 pnblicam
990 962 1091 991 supra
1108 952 1318 982 memoravit.
1342 953 1440 982 Idem.

845 1006 908 1033 620
933 1003 1138 1042 Desertosqae
1155 1001 1265 1041 Lares]
1289 1001 1510 1042 Desuetosque,

805 1059 968 1093 excerpta
986 1052 1166 1092 Pomponii
1185 1051 1284 1081 Laeti.
1310 1051 1353 1081 D.
1369 1051 1484 1081 Heius.

847 1106 907 1134 621
935 1102 1069 1142 Domus]
1094 1102 1236 1132 Familia
1249 1102 1355 1132 omnis
1373 1102 1433 1132 hoc
1450 1112 1508 1132 uo-

804 1153 893 1183 mine
910 1158 1080 1183 censetur.
1103 1152 1218 1182 Barth.

848 1206 910 1234 622
937 1203 1056 1233 Ordine
1072 1201 1214 1241 cognati]
1239 1202 1316 1232 Nou
1341 1201 1440 1232 audio
1456 1202 1509 1233 hic

806 1254 997 1285 Claverinm
1023 1261 1099 1294 post
1122 1252 1158 1282 τὸ
1174 1253 1281 1283 ordine
1302 1252 1510 1293 distinguen-

806 1312 887 1344 tem,
914 1305 967 1335 cui
987 1305 1145 1335 Barthius
1172 1309 1285 1334 tamen
1312 1302 1510 1334 subscribit.

807 1357 898 1387 Libri
918 1357 1084 1397 plerique,
1110 1366 1177 1386 carn
1190 1356 1290 1394 grati,
1316 1356 1404 1396 quod
1428 1357 1510 1387 Bar-

808 1406 876 1436 thio
909 1407 1044 1446 placet:
1084 1406 1137 1436 alii
1165 1405 1328 1444 congrati:
1365 1406 1509 1437 Luceus.

807 1457 948 1497 Gyrald.
961 1462 993 1487 et
1007 1467 1064 1487 sex
1080 1458 1274 1494 nostratum
1283 1458 1388 1496 grati.-
1412 1464 1511 1498 grata

805 1506 894 1536 enim
913 1507 990 1536 belli
1007 1507 1091 1537 finiti
1114 1509 1410 1538 commemoratio:
1437 1518 1510 1540 nos-

807 1561 859 1586 ter
887 1565 936 1586 vt.
955 1557 1056 1588 Cons.
1076 1557 1204 1587 Honor.
1229 1559 1237 1574 ‘
1257 1558 1433 1598 Grataque
1452 1569 1510 1599 pa-

806 1606 902 1637 tratis
920 1607 1059 1637 exordia
1081 1617 1212 1637 sumere
1231 1607 1350 1638 bellis.'
1399 1608 1513 1640 Multa

806 1658 838 1688 in
853 1657 938 1688 hanc
953 1667 1021 1688 rem
1039 1663 1175 1698 possent
1189 1658 1339 1698 congeri.
1373 1658 1510 1699 Raphe-

806 1708 949 1748 lengius,
973 1710 1125 1747 cognatis.
1172 1708 1510 1749 Rottendorphiauns

806 1760 971 1798 congressi.
996 1759 1037 1790 D.
1057 1760 1177 1790 Heius.

853 1810 1004 1847 Cognatis
1016 1809 1168 1849 referunt]
1193 1810 1367 1850 Cognatos
1386 1810 1418 1840 in
1440 1820 1511 1851 gra-

808 1860 888 1889 tiam
913 1860 1105 1890 Stilichonis
1127 1869 1280 1891 narrasse
1304 1860 1511 1901 postliminio

807 1910 976 1940 restitutis
989 1909 1048 1947 ait,
1059 1909 1150 1940 domi
1162 1920 1228 1940 suae
1241 1911 1511 1951 cuique‚quanto

808 1960 969 1990 miraculo
996 1959 1131 1990 virtutis
1160 1961 1282 1991 bellum
1310 1961 1370 1991 hoc
1396 1960 1512 1992 confe-

807 2012 894 2042 cerit
911 2011 1063 2041 stilicho.
1093 2011 1203 2042 Barth.

850 2064 912 2092 623
939 2062 964 2090 C
967 2071 1016 2092 am
1029 2061 1136 2091 Μαιίι»
1146 2061 1300 2102 perirent]
1323 2061 1440 2102 Auget
1454 2062 1511 2093 do-

807 2112 912 2142 lorem
943 2111 1068 2142 homini
1098 2111 1248 2150 militari,
1280 2112 1380 2152 inque
1412 2112 1511 2142 armis

809 2163 968 2200 educato,
1011 2167 1132 2202 totque
1163 2162 1312 2194 victoriis
1354 2163 1512 2203 glorioso,

809 2219 929 2253 aperto
948 2213 1061 2243 Marte
1077 2211 1233 2252 perdere,
1244 2223 1320 2253 quae
1334 2213 1433 2243 nullis
1445 2222 1512 2244 non

809 2263 936 2293 artibus
954 2262 1193 2303 acquisiverat.
1241 2263 1376 2303 Utpore
1390 2273 1455 2294 non
1470 2263 1511 2294 de

809 2314 959 2344 Fortuna
979 2313 1052 2353 ejus
1069 2313 1187 2352 solum,
1204 2313 1262 2344 sed
1280 2318 1313 2344 et
1331 2313 1372 2344 de
1387 2314 1512 2344 virtute

808 2370 844 2395 et
861 2364 968 2404 gloria
985 2364 1079 2394 hoste
1097 2363 1338 2404 triumphante.
1363 2364 1458 2394 Idem.
1562 2403 1564 2405 ι

851 2417 912 2445 625
940 2413 1091 2453 Conjagis
1102 2413 1206 2453 aures]
1227 2414 1352 2445 Flebilis
1364 2414 1512 2455 quinque

809 2464 895 2495 libri.
943 2463 1085 2503 Statius,
1108 2464 1213 2495 Theb.
1237 2473 1271 2494 v.
1306 2466 1314 2481 ‘
1335 2463 1512 2505 Argolicas

809 2515 958 2546 ululatus
988 2513 1109 2545 flebilis
1135 2523 1232 2545 aures
1262 2514 1424 2555 Impulit.‘
1468 2515 1512 2544 D.

810 2564 921 2595 Heius.

851 2618 915 2646 626
938 2616 1058 2646 Invicto
1073 2625 1139 2656 quae
1154 2616 1268 2645 dudum
1281 2614 1371 2652 freta
1386 2612 1513 2651 marito]

811 2665 956 2698 Mirifica
971 2666 1158 2699 festivitate
1171 2665 1368 2698 muliebrem
1385 2673 1511 2695 morem
