1763 3116
565 146 783 176 EPlGRAM
793 146 944 176 MATA.

30 248 137 275 mater
165 242 310 274 omnium
341 245 405 279 est,
433 250 508 281 quae
539 240 572 270 in
605 244 728 271 morta-

30 294 110 324 lium
128 303 203 324 usus
219 302 294 323 suos
312 291 469 332 producit
487 289 628 321 fructus.
662 291 729 330 (iy-

30 345 110 375 ruld.

73 396 92 424 2
120 391 291 431 Sanguinis
319 390 466 430 affectum
493 394 591 420 mater
625 400 730 421 amare

32 443 135 482 timet]
162 443 302 473 Ratione
329 441 469 471 incestae
495 440 625 470 libidini
649 450 731 480 pug-

32 498 144 524 nante.
190 492 375 522 Caritatem
405 496 603 528 maternam,
620 490 731 520 libidi-

33 551 113 572 noso
133 550 246 571 amore
273 544 403 571 mutare
428 539 535 571 timet.
572 539 732 580 Affectum

31 591 191 631 sanguinis
220 590 323 621 filium
351 591 423 630 ipse
453 589 619 629 intellige,
644 590 731 620 liuuc

31 641 120 672 enim
137 650 248 671 amare
264 642 379 671 horret
395 645 516 680 mater,
532 641 669 671 incensa
686 641 733 670 iu—

34 691 120 722 cesti
152 691 320 731 cupidinis
351 690 502 720 facibus:
550 694 584 720 et
617 690 664 720 sic
688 690 734 720 lo-

35 748 183 784 quuntur
213 742 356 781 integrae
397 744 431 771 et
461 740 635 771 inclinatae
668 741 733 770 Ro-

35 802 143 823 manae
172 791 220 822 rei
243 791 438 831 scriptores,
455 789 584 831 affectus
614 799 735 830 cogna-

37 842 162 872 tionem
192 840 477 881 aguationemque
503 848 636 870 omnem
660 849 735 880 per-

35 891 201 922 hibentes.
235 890 349 921 Barth.

1370 137 1483 178 1725

827 242 845 270 3
874 240 1001 270 Pectore
1022 239 1095 268 dum
1117 237 1205 268 niveo
1221 238 1380 278 miserum]
1408 242 1484 270 Pue-

783 300 852 320 rum
869 289 1064 327 Ttnmneus,
1080 292 1114 318 et
1135 297 1177 318 ex
1204 297 1261 318 suo
1276 288 1395 319 codice
1413 290 1486 321 Cla-

786 338 920 376 verius;
945 347 1007 368 nec
1033 337 1217 367 dissentio:
1244 337 1424 377 probatinn
1451 345 1486 369 et

786 389 936 419 Barthio.
971 389 1015 419 D.
1037 388 1145 419 Heius.

828 439 934 469 Anxia
951 438 1074 478 nutrix]
1099 438 1215 468 Mater
1232 438 1349 468 eadem
1372 442 1407 468 et
1430 448 1488 468 nu-

786 489 868 528 trix,
883 499 958 529 quae
987 498 1163 519 mammam
1191 488 1297 528 dedit,
1313 488 1390 519 dum
1409 498 1488 528 pec-

787 539 850 570 tori
882 549 941 570 suo
972 539 1132 570 miserum
1173 539 1338 579 applicat,
1374 547 1488 569 amore

787 589 860 629 ejus
875 589 1079 629 percutitur.
1116 588 1231 618 Barth.

830 643 850 670 6
877 641 919 671 Et
934 640 1002 680 ipsa
1020 641 1115 681 dolet]
1136 640 1203 670 Tui
1221 648 1333 670 amore
1347 639 1488 670 incesto.

789 691 912 730 Parce,
953 692 1012 728 ait,
1048 691 1169 721 talibus
1200 689 1422 728 facinoribus,
1448 699 1490 719 ne

789 742 945 781 exemplo
969 745 1027 772 tuo
1051 741 1194 772 incitata
1212 740 1259 771 tui
1277 749 1410 781 quoque
1432 739 1491 770 im-

791 791 846 830 pio
863 800 976 821 amore
1005 795 1113 821 mater
1139 791 1254 821 Venus
1281 789 1492 820 incendatur.

791 841 897 878 Dolet,
913 844 1016 871 amat.
1053 840 1159 871 Amor
1173 840 1262 870 enim
1287 839 1491 870 infinitorum

792 889 943 921 dolorum
960 899 1076 921 caussa
1090 894 1125 920 et
1142 889 1358 930 principium.
1397 888 1492 919 Idem.

679 1120 841 1162 LXX.

113 1279 183 1320 20.
233 1276 299 1318 De
323 1276 434 1318 Zona
459 1275 571 1332 Equi
594 1277 694 1333 regii
716 1278 831 1318 missa
861 1276 1045 1318 Honorio
1068 1276 1181 1331 Aug.
1210 1291 1235 1317 a
1259 1273 1426 1316 Serena.

86 1400 240 1431 Lucem.
267 1400 319 1431 De
343 1399 448 1439 pheris
476 1400 544 1440 equi
574 1409 593 1429 α
628 1399 743 1430 Serena

43 1451 154 1482 missis.
189 1452 263 1491 lege
291 1451 428 1491 phaleris
455 1460 532 1481 curn
560 1451 743 1481 Moretauo

43 1506 77 1532 et
96 1501 310 1532 Bononiensi.
337 1501 522 1531 Vaticanus
539 1501 679 1540 primm,
695 1501 746 1531 De

43 1561 118 1582 zona
142 1551 211 1591 equi
230 1550 312 1589 regii
332 1550 425 1580 missa
442 1550 584 1581 Honorio
605 1550 745 1589 Augusto

43 1612 62 1632 α
77 1602 212 1633 Serena:
235 1600 352 1640 probe.
379 1601 421 1630 D.
442 1600 554 1630 Heius.

88 1656 103 1683 l
143 1652 294 1692 Princeps
323 1651 507 1690 venerande]
547 1651 746 1681 Memoranda

44 1702 162 1743 scripti
179 1702 330 1742 plerique
345 1712 353 1738 ;
378 1702 423 1731 nil
446 1706 540 1732 muta
554 1705 678 1732 tamen.
696 1710 745 1731 v1.

47 1753 144 1784 Cons.
159 1752 248 1783 Hon.
271 1753 280 1768 ⁶
297 1751 508 1792 Agnoscisne
535 1756 621 1789 tuos,
649 1750 746 1780 Prin-

46 1811 126 1844 ceps
143 1802 348 1840 venerande,
364 1806 505 1841 penates
518 1800 541 1831 ?'
562 1801 660 1832 Idem.

87 1857 108 1884 6
133 1853 301 1892 Turbidus]
326 1853 481 1892 Turgidus
506 1852 669 1893 placebat
698 1852 750 1882 Li-

47 1904 168 1936 vineio.
193 1905 281 1946 quod
305 1909 340 1935 et
357 1905 437 1935 mihi
454 1905 533 1935 olim
551 1905 585 1934 in
601 1907 748 1934 mentem

48 1959 199 1986 venerat.
228 1955 351 1986 Horat.
377 1955 400 1986 l.
428 1964 477 1986 1v.
496 1955 633 1986 Od.12.
658 1955 666 1971 ‘
686 1964 750 1984 nec

47 2005 141 2037 fluvii
162 2010 319 2046 strepunt
336 2005 490 2036 Hiberna
507 2006 582 2036 nive
599 2003 750 2045 turgidi!

50 2058 145 2088 Idem.

93 2110 112 2137 7
137 2107 245 2137 Morsu
270 2116 390 2137 versare
412 2106 605 2146 smaragdos]
639 2106 750 2146 Hujus

52 2165 192 2196 gemmae
211 2157 243 2186 in
261 2157 467 2186 ornamentis
480 2165 640 2197 equorum
658 2160 754 2186 tanta

51 2212 128 2248 post
144 2207 303 2247 dignitas,
316 2212 353 2237 ut
370 2212 496 2247 praeter
510 2206 691 2247 Principes
706 2206 753 2236 eis

50 2258 100 2289 uti
117 2258 241 2288 nemini
258 2258 404 2288 licuerit.
428 2257 545 2288 Barth.

103 2309 230 2340 Versure
253 2308 447 2348 smaragdos]
480 2309 530 2339 Cl.
559 2307 752 2339 Gronovius

53 2358 88 2390 in
102 2357 375 2389 Observationib.
404 2368 515 2388 vexare
538 2358 622 2396 legit
638 2367 679 2388 ex
698 2357 753 2387 illo

57 2407 184 2437 Lucani
202 2407 256 2438 lib.
274 2417 322 2438 lv.
347 2409 355 2424 ‘
375 2408 497 2448 rigidos
516 2407 672 2438 vexantia
689 2406 754 2437 fre-

55 2467 114 2489 nos
145 2457 217 2488 Ora
246 2457 388 2487 terensz’
421 2458 509 2498 quod
538 2457 658 2498 scripti
684 2456 755 2488 fere

49 2516 173 2540 omnes
201 2506 423 2546 confirmant3
461 2512 497 2538 et
527 2507 612 2539 vidit
643 2517 755 2539 veram

795 1398 979 1430 lectionem
1010 1397 1100 1428 curis
1133 1395 1290 1426 secundis
1328 1395 1499 1426 BartliiuS.

798 1449 896 1479 Silius
911 1448 969 1479 lib.
984 1457 1018 1478 v.
1044 1448 1052 1464 ‘
1071 1447 1148 1477 Stat
1172 1446 1305 1485 sonipes
1330 1448 1500 1485 vexatque

798 1497 895 1529 ferox
911 1497 1084 1528 humentia
1100 1495 1217 1527 frena.'
1247 1494 1442 1535 Hypsipyle
1459 1493 1500 1524 de

800 1548 1007 1579 Archemoro
1038 1546 1127 1587 apud
1156 1545 1303 1576 Statium
1333 1544 1437 1575 Theb.
1469 1553 1502 1574 v.

801 1600 808 1616 ‘
826 1599 923 1629 modo
942 1604 974 1628 te
991 1597 1144 1638 digressa
1171 1596 1291 1636 reliqui
1313 1595 1502 1631 Lascivum,

801 1653 836 1679 et
862 1657 968 1688 prono
997 1650 1177 1678 vexantem
1205 1644 1357 1685 gramina
1381 1643 1503 1675 cursu.’

802 1699 850 1729 D.
875 1698 988 1729 Heins.

845 1752 864 1779 8
891 1749 983 1790 Tyrio
1010 1751 1101 1787 terga
1128 1746 1236 1777 rubere
1263 1744 1362 1784 croco]
1400 1745 1506 1775 Mem-

803 1799 918 1830 branae
936 1799 1085 1839 potiores
1102 1801 1185 1828 toro:
1209 1800 1247 1827 ut
1263 1795 1353 1836 apud
1378 1795 1504 1826 Catull.

801 1851 810 1867 ‘
828 1850 890 1880 Vir
917 1854 995 1880 tuus
1020 1849 1121 1888 Tyrio
1145 1848 1177 1878 in
1200 1851 1276 1877 toro
1293 1850 1384 1876 totus
1401 1845 1508 1876 immi-

804 1905 885 1931 neat
913 1899 997 1931 tibi]
1042 1898 1193 1929 Tibullus
1227 1896 1284 1927 lib.
1312 1905 1334 1927 1.
1364 1896 1458 1935 Eleg.
1476 1899 1507 1928 2.

803 1952 811 1967 ‘
828 1950 918 1983 Quid
927 1948 1030 1990 Tyrio
1042 1948 1208 1979 recubare
1221 1950 1295 1977 toro
1308 1946 1380 1976 siue
1394 1955 1507 1976 amore

805 2001 955 2032 secundo
973 1998 1152 2030 Prodest?
1188 1998 1299 2028 Torum
1317 2001 1427 2027 tamen
1451 1995 1507 2027 hic

806 2062 868 2092 pro
885 2051 1000 2082 stratis·
1015 2055 1111 2090 tergo
1124 2049 1202 2089 equi
1215 2047 1382 2089 impositis
1398 2046 1509 2077 sumit.

808 2103 906 2133 Idem.

853 2152 947 2192 Tyrio
962 2149 1064 2189 croco]
1087 2151 1258 2189 Purpura,
1282 2146 1447 2187 flagrante
1464 2146 1510 2176 in-

808 2206 878 2233 star
894 2210 1087 2233 crocearum
1103 2199 1324 2230 flammarum.
1366 2198 1511 2227 Croceum

809 2262 906 2283 omne
916 2252 1003 2292 quod
1014 2251 1189 2291 pulchrum
1201 2248 1384 2280 veteribus.
1396 2247 1511 2277 Barth.

854 2306 894 2333 10
918 2301 1048 2342 Spargit
1074 2304 1104 2331 et
1128 2298 1278 2338 excussis]
1303 2299 1391 2330 Puto
1417 2297 1512 2337 Spar-

807 2354 858 2392 git
876 2356 931 2390 ut,·
953 2351 1150 2382 admirantis
1175 2355 1240 2388 est,
1268 2359 1330 2380 nec
1349 2358 1415 2379 uno
1433 2348 1511 2378 alibi

812 2404 886 2434 loco
901 2406 1065 2442 corrupta
1080 2401 1211 2439 vocula,
1237 2405 1274 2431 ut
1291 2400 1363 2440 jam
1387 2397 1512 2429 monui-

812 2465 897 2486 muS.
922 2455 967 2486 D.
986 2454 1098 2484 Heins.

856 2510 893 2538 ll
919 2502 1161 2543 Brevitas-doni]
1186 2500 1373 2541 Exiguitas.
1399 2496 1512 2530 Eusth-
