1763 3116
387 116 449 148 1)ss

484 115 646 147 RAPTU
680 114 1001 146 PROSERPINAE
1038 115 1130 145 [ΑΒ.
1165 115 1196 144 1.

1405 105 1516 149 1623

658 329 915 372 XXXIII.

212 501 311 550 DE
350 500 588 550 RAPTU
629 500 1103 550 PROSERPINAE
1140 499 1281 548 LIB.
1321 499 1367 548 Ι.

100 669 115 697 l
141 666 265 705 Inferni
280 667 415 707 raptoris
430 665 534 708 equos]
561 667 669 697 Recte
686 665 756 697 sive

56 726 74 746 a
93 716 249 748 Claverio
276 717 345 747 sive
372 716 510 757 Cujacio
538 715 755 746 observatum

55 771 108 797 est
125 766 255 807 insigne
282 766 464 797 artificium
482 766 599 797 horum
621 766 756 797 Claudi-

55 816 108 846 ani
123 817 323 853 carminum,
342 821 473 847 tantum
490 825 575 856 opus
591 816 756 847 concinna

53 866 225 905 gravitate
264 866 483 904 ordientium,
515 875 591 906 quae
623 865 757 905 grandi-

54 919 126 945 tate
145 919 179 945 et
196 915 403 953 assurgendo
422 915 455 945 in
483 924 639 945 numeros
663 915 756 955 Rap-

53 964 136 995 toris
154 965 247 995 velut
276 965 478 1004 prodeuntis
506 965 754 995 vehementiam

51 1018 201 1045 nontam
227 1014 379 1044 indicant
406 1014 525 1050 solum,
547 1022 647 1054 quam
660 1018 695 1044 et
712 1013 755 1044 si-

51 1065 118 1096 mul
135 1065 342 1105 exprimunt,
358 1073 434 1095 cum
456 1063 604 1095 stridore
620 1068 655 1094 et
680 1064 755 1094 hor·

49 1124 123 1146 rore
149 1115 294 1155 quodam
323 1115 526 1152 litterarum,
555 1117 688 1144 torvum
720 1118 755 1144 et

49 1168 176 1195 tetrum
204 1165 297 1195 illum
315 1163 578 1203 effigurantium.
624 1163 755 1201 Inferna

48 1214 210 1246 dicuntur
226 1216 301 1245 loca
315 1214 495 1255 speciatim
513 1214 568 1244 illa
583 1213 756 1245 destinata

48 1265 158 1305 poenis
175 1266 421 1296 damnatorum.
467 1264 627 1302 Infernas,
643 1264 755 1295 Orcus

49 1316 120 1346 sive
143 1314 238 1353 ’Ἀδης
255 1326 316 1356 pro
334 1316 416 1356 ipsis
435 1315 541 1355 poenis
556 1314 753 1345 inferorum.

92 1365 258 1405 Raptoris]
302 1365 449 1405 Proprie
488 1364 530 1395 de
565 1364 752 1404 virginibus

49 1415 134 1454 rapi,
150 1419 188 1445 ut
214 1415 356 1445 inlibris
372 1414 466 1446 Juris
486 1414 642 1452 Romani,
656 1414 753 1454 quip-

49 1473 91 1504 pe
109 1473 183 1504 quae
200 1464 358 1494 resistere
375 1473 442 1494 non
460 1467 612 1503 possunt.
636 1463 751 1494 Barth.

89 1513 214 1551 Inferni
243 1513 390 1553 raptoris,
419 1514 489 1553 Fra]
511 1513 602 1543 Mira
629 1512 661 1542 in
686 1513 750 1544 hoc

46 1573 143 1594 versu
161 1564 323 1603 gravitas,
339 1568 374 1594 et
397 1573 472 1604 quae
500 1567 614 1594 tamen
645 1563 751 1595 instar

45 1614 207 1645 orationis
218 1615 378 1654 paulatim
391 1614 617 1653 adsurgentis.
643 1614 749 1645 Exor-

44 1664 135 1696 dium
153 1669 323 1696 mutuatus
340 1670 393 1696 est
409 1674 428 1695 a
442 1664 538 1703 Silio,
562 1665 617 1706 qui
632 1664 679 1695 ita
696 1663 750 1695 ha-

46 1715 106 1747 bet
131 1717 338 1747 Punicorum
358 1725 424 1747 vn.
450 1718 458 1734 ‘
477 1717 549 1748 Ceu
577 1716 747 1756 quondam

47 1769 186 1797 oeternae
233 1770 393 1806 regnator
431 1767 542 1797 noctis
581 1766 623 1797 ad
665 1767 747 1797 imos

45 1815 156 1848 Quum
171 1815 308 1856 fugeret
335 1817 512 1856 thalamos,
538 1816 668 1847 AEtnma
682 1817 747 1847 vir-

44 1865 120 1905 gine
138 1872 248 1906 rapta,
263 1868 345 1907 Egit
372 1868 563 1907 nigrantem
580 1868 678 1908 picea
693 1877 747 1898 ca-

41 1916 145 1957 ligine
159 1917 318 1948 currum.’

86 1966 288 2009 Adflataque]
319 1967 409 1998 Alibi
429 1967 549 1999 Claud.
567 1969 575 1985 ‘
590 1967 748 2000 Adflatus

45 2016 155 2047 vicino
171 2018 246 2048 Sole
277 2017 426 2057 refugit.'
474 2018 574 2058 Apud
605 2020 746 2052 Petron.

44 2067 216 2098 ‘Ventosa
230 2068 418 2108 loquacitas
434 2068 560 2098 animos
582 2069 745 2108 juvenum

43 2116 219 2156 pestilenti
235 2116 346 2147 sidere
364 2115 528 2148 adflavit.’
555 2118 679 2149 Claver.

86 2166 271 2206 Adflataque
296 2167 405 2206 curru]
439 2168 631 2208 Temerata,
658 2173 746 2200 atto·

42 2215 126 2255 uita,
143 2218 312 2256 perculsa.
359 2218 445 2248 Nam
460 2228 479 2249 a
496 2219 527 2248 vi
544 2219 672 2258 ignium
696 2230 747 2250 su-

0 2280 2 2283 ·
44 2275 238 2306 peruorum,
253 2277 271 2297 a
289 2267 463 2307 pestilenti
480 2273 516 2299 et
544 2269 746 2300 vehemente

46 2317 198 2357 quolibet
218 2318 350 2357 spiritu,
365 2318 479 2358 adflari
496 2319 578 2349 talia
593 2319 746 2350 denotat.

45 2364 172 2396 Affiare
206 2366 402 2398 fulminibus
437 2370 610 2408 proprium
648 2369 746 2409 fecit,

44 2415 133 2455 quod
151 2416 253 2446 ctiam
269 2427 343 2457 quar¹
372 2419 490 2457 procul
507 2423 586 2449 sunt
614 2420 693 2456 leui,
709 2425 746 2452 et

46 2468 161 2494 tamen
184 2466 310 2496 valenti
327 2477 420 2506 aura,
447 2468 532 2508 iguis
557 2469 613 2500 ille
640 2471 745 2502 subti-

45 2513 191 2544 lissimus
208 2516 366 2555 attingat.

91 2563 209 2602 Curru]
235 2566 311 2596 Quo
327 2571 444 2597 vectus
462 2567 567 2598 Pluto
594 2570 746 2610 erupisse

46 2612 165 2643 inferis
182 2614 396 2647 credebatur.
420 2617 538 2649 Barth.

90 2666 110 2693 2
136 2663 293 2703 Taenario]
316 2664 442 2697 Infero.
472 2667 633 2700 Taenarus
648 2669 748 2711 Spar-

811 664 973 696 tiatarum
1010 664 1296 704 promontorium,
1334 672 1400 704 quo
1436 662 1514 693 loco

810 715 1008 746 descensum
1025 715 1066 746 ad
1084 714 1209 746 inferos
1226 714 1358 754 fingunt
1374 712 1510 745 Poetae.

810 769 845 796 et
874 766 995 797 Maro:
1028 765 1222 796 ‘Taenarias
1252 765 1357 796 etiam
1386 762 1515 803 fauces,

810 816 880 846 alta
892 815 979 846 ostia
995 814 1106 846 Ditis!

854 865 1053 906 Caligantes]
1069 865 1302 896 Tenebrarum
1318 863 1408 895 euim
1425 864 1514 904 Reg-

808 925 887 946 num
918 916 1008 956 apud
1029 914 1170 946 inferos.
1217 916 1341 954 Caligo,
1371 914 1513 945 obtene-

809 966 920 997 bratio
948 966 1050 1004 visus,
1080 969 1139 995 aut
1167 965 1343 996 densiores
1367 964 1513 995 nebulae.

810 1016 937 1046 Merito
953 1025 1036 1055 ergo
1059 1024 1165 1055 penes
1189 1024 1264 1044 eum
1287 1014 1438 1045 tenebrae
1457 1014 1514 1055 qui

809 1071 861 1097 est
877 1066 985 1097 omnis
1001 1065 1085 1096 lucis
1103 1068 1312 1095 consumtor.

852 1114 1040 1154 Profundoe]
1064 1113 1200 1146 Inferae.
1246 1114 1414 1152 Lucanus,
1441 1113 1462 1144 l.
1489 1122 1514 1144 1.

807 1167 816 1184 ‘
836 1166 1000 1207 Ditisque
1016 1164 1177 1206 profundi
1194 1164 1327 1195 Pallida
1338 1172 1442 1204 regna
1456 1172 1513 1204 pe-

808 1215 908 1247 tunt.'
932 1216 1049 1247 Barth.

851 1269 870 1297 3
893 1266 1043 1305 Junom's]
1067 1265 1297 1306 Proserpinae,
1326 1274 1402 1305 quae
1426 1263 1513 1296 infe-

808 1325 920 1346 rorum
946 1315 1047 1347 Juno.
1071 1316 1183 1353 Silius,
1205 1316 1227 1345 l.
1258 1323 1342 1346 xur.
1363 1314 1372 1332 ‘
1387 1316 1512 1356 conjux

805 1366 950 1398 Junonis
967 1365 1138 1397 Avernae.’
1163 1366 1262 1396 Idem.

849 1415 999 1455 Junonis]
1024 1415 1234 1456 Proserpina
1248 1416 1333 1446 Juno
1354 1415 1475 1448 Lucina
1491 1427 1511 1448 a

807 1466 939 1496 Latinis
967 1465 1126 1505 dicta,ut
1156 1476 1197 1496 ex
1222 1465 1351 1505 duplici
1379 1466 1510 1498 ratione

805 1516 917 1546 disces
939 1525 958 1546 a
982 1515 1152 1554 Varrone,
1179 1523 1227 1545 lv.
1256 1515 1298 1546 de
1316 1515 1415 1556 Ling.
1434 1517 1510 1549 Lat.

804 1564 1149 1606 Stygia‚aStatio‚1v.
1162 1564 1268 1595 Theb.
1285 1568 1293 1581 ‘
1308 1565 1508 1607 Stygiaeque

803 1626 941 1647 severos
966 1616 1111 1648 Junonis
1137 1614 1326 1646 thalamos?
1371 1616 1427 1646 Ab
1453 1626 1510 1648 eo-

803 1666 880 1698 dem
897 1667 1013 1705 etiam,
1039 1667 1179 1702 AEtnoea,
1205 1666 1264 1697 lib.
1282 1676 1315 1697 v.
1345 1666 1436 1706 Sylv.
1454 1677 1510 1699 111.

801 1718 810 1735 ‘
824 1718 1022 1749 umbrarum
1039 1728 1148 1758 reges,
1174 1718 1374 1760 AEtnaeaque
1390 1719 1508 1752 Juno.'

803 1769 847 1799 Et
864 1769 990 1800 Averna
1005 1779 1024 1800 a
1049 1769 1145 1807 Silio,
1171 1769 1227 1800 lib.
1245 1777 1329 1801 xlll.
1352 1771 1360 1786 ‘
1375 1770 1509 1812 Conjux

801 1819 944 1851 Junonis
962 1818 1132 1850 Avernae!
1165 1818 1197 1850 A
1214 1820 1356 1850 Marone
1372 1820 1509 1860 inferna,

803 1878 854 1900 vr.
888 1869 1018 1900 AEneid.
1041 1869 1192 1901 ‘Junoni
1222 1869 1362 1900 infernae
1391 1870 1506 1902 dictus

803 1919 923 1950 saccr.’
964 1920 1069 1950 Forte
1099 1918 1189 1960 quod
1220 1918 1386 1950 ‘inferius
1405 1926 1506 1951 terrae

801 1969 1072 2010 hemisphaerium
1098 1978 1160 2009 per
1190 1969 1280 1999 illam
1307 1978 1327 1999 a
1351 1969 1507 2009 Physicis

801 2020 949 2060 antiquis
966 2019 1216 2059 significatum)
1252 2019 1406 2051 Macrob.
1433 2020 1453 2051 Ι.
1481 2029 1507 2051 1.

801 2070 937 2101 Saturn.
953 2079 983 2101 e.
1006 2072 1059 2101 21.
1104 2069 1160 2100 Sic
1189 2074 1224 2099 et
1249 2069 1421 2109 profundus
1447 2070 1506 2100 Ju-

798 2121 893 2160 piter,
909 2131 971 2161 pro
990 2122 1150 2152 Plutone.
1174 2120 1352 2160 Dempster.

844 2170 968 2202 Audaci
982 2170 1089 2210 canta]
1111 2171 1202 2203 Quia
1227 2169 1269 2201 de
1295 2169 1394 2201 rebus
1421 2168 1505 2201 divi-

802 2220 852 2250 nis
878 2231 943 2251 non
960 2222 1047 2252 citra
1072 2220 1304 2252 temeritatem
1329 2219 1421 2261 loqui
1445 2220 1505 2250 hu·

802 2281 936 2303 manum
963 2283 999 2303 os
1025 2277 1196 2312 censetur,
1221 2277 1280 2304 aut
1296 2282 1354 2304 eas
1368 2272 1507 2304 omnino

801 2322 899 2353 homo
914 2324 1125 2363 contingere.
1148 2323 1267 2354 Barth.

844 2373 967 2404 Audaci
980 2383 1119 2413 promere
1133 2373 1242 2413 cantu]
1268 2374 1404 2404 Prodere
1420 2373 1504 2404 Isin-

801 2432 851 2463 gr.
870 2428 906 2454 et
928 2433 970 2454 ex
997 2426 1124 2455 nostris
1152 2430 1253 2463 octo,
1277 2434 1377 2455 vere:
1413 2423 1502 2464 quod
1547 2444 1550 2445 ν

800 2478 836 2504 et
873 2474 1051 2505 Claverius
1090 2476 1276 2516 expressit,
1308 2480 1344 2506 et
1382 2475 1504 2515 probat

800 2523 890 2554 curis
907 2525 1068 2556 secundis
1084 2525 1258 2557 Barthius.
1271 2526 1405 2557 Glossae
1418 2524 1505 2555 Mss.

802 2573 1012 2605 Balthasaris
1029 2574 1169 2613 Moreti,
1191 2576 1199 2591 ‘
1214 2575 1341 2615 Prodo,
1357 2572 1504 2613 decipio,

800 2623 993 2663 manifesto,
1019 2625 1075 2655 vel
1115 2625 1248 2656 credita
1275 2624 1414 2663 detego,
1448 2622 1503 2651 vel

800 2678 935 2704 secreta
949 2674 985 2704 iu
1001 2674 1109 2705 lucem
1126 2674 1301 2715 produc0.’
1336 2673 1391 2705 Sic
1408 2675 1503 2704 vates
