1763 3116
297 146 302 150 “
345 141 407 171 DE
440 139 601 171 RAPTU
636 136 957 168 PROSERPINAE
991 136 1085 166 LlB.
1120 137 1149 166 Ι.

26 239 98 270 deri
113 237 283 270 volebant.
310 238 424 270 Barth.

67 294 88 320 fi
113 290 221 320 Totum
234 289 353 329 spirant
368 285 538 328 proecordia
554 284 719 324 Phoebum]

27 340 53 370 Α
74 340 200 370 Plloebo
221 337 352 368 incitari
379 346 414 367 se
440 340 475 366 et
503 335 659 374 compelli
677 334 718 364 ad

24 388 209 419 eructanda
227 387 318 417 velut
332 386 494 423 carmina,
509 389 543 415 et
559 385 624 415 iter
637 384 720 414 Po'e-

25 438 128 468 ticum
163 434 416 475 ingrediendum
456 434 574 464 dicunt
611 437 719 463 vates.

26 488 135 518 Totum
161 486 245 516 dicit
269 484 486 522 Claudianus,
504 484 545 514 ad
569 483 720 523 magnifi-

23 536 167 567 centiam
184 535 340 565 carminis
363 538 397 564 et
425 533 550 574 Operis
567 534 721 574 majesta·

22 589 124 616 tatem
141 585 324 624 respiciens
339 595 346 622 ;
371 584 515 624 Spiritus
526 584 614 613 enim
632 593 719 614 iiunc

22 636 133 674 totus,'
150 644 238 665 nunc
255 639 327 665 tota
351 639 464 665 mente
492 634 567 673 capi
584 633 721 671 dicitur,

21 695 109 716 nunc
124 694 278 725 magnus,
295 694 383 715 nuuc
401 684 519 723 major,
536 684 720 714 secundum

22 737 146 777 Operis
163 735 340 776 praesentis
357 733 527 765 effectum.

63 785 209 827 Spirant]
232 785 413 816 Aulielant.

65 835 259 874 Proecordia]
295 836 454 871 Pectora,
481 843 555 873 quae
586 832 718 862 divinus

21 886 75 915 ille
91 885 228 924 spiritus
246 884 349 914 subit.
396 883 559 913 Alludere
585 883 719 912 videtur

18 935 216 974 inspiratam
256 938 366 964 vatem
402 932 573 963 Maronis:
608 932 616 948 ‘
636 933 718 962 Bac-

19 985 139 1015 chatur
155 987 249 1013 vates
271 991 428 1021 magnum
446 981 472 1010 si
492 985 630 1020 pectore
645 991 718 1020 pos-

21 1039 72 1066 set
89 1034 284 1065 Excussisse
301 1031 436 1069 Deum‚'
450 1034 513 1062 &tn
540 1031 652 1061 Barth.

61 1086 80 1114 7
105 1082 260 1122 Delubra]
274 1083 368 1113 Fana
385 1082 525 1122 Pagana
541 1081 602 1112 hoc
617 1081 717 1112 titulo

19 1133 192 1175 praecipue
210 1133 398 1172 signantur.

63 1184 185 1215 Meteri
201 1183 337 1222 sedibus]
362 1184 439 1214 Quo
457 1191 579 1222 genere
596 1181 717 1221 majes-

20 1238 125 1265 tatem
153 1234 220 1264 suis
252 1233 348 1272 nugis
389 1231 563 1262 faciebant
597 1231 719 1270 impuri

19 1285 165 1324 spiritus.
212 1284 378 1319 Lucanus,
408 1282 464 1311 lib.
492 1290 525 1312 v.
555 1280 609 1311 nbi
636 1280 720 1310 falso

15 1335 157 1365 simulat
190 1332 311 1363 adflari
354 1331 557 1361 Phaemonoc
574 1341 581 1360 ι
622 1331 630 1346 ‘
650 1330 719 1359 uul-

21 1385 122 1425 loque
169 1383 305 1413 horrore
344 1390 513 1411 comarum
560 1381 720 1410 Excussae

19 1435 147 1472 laurus,
171 1432 378 1471 immotaque.
407 1429 555 1460 culmina
582 1429 720 1469 tcmpli.’

20 1484 139 1514 Barth.

66 1531 221 1572 Trepidis]
244 1529 375 1561 Emotis
390 1533 425 1560 et
442 1528 612 1559 evibratis.

62 1587 81 1615 8
107 1583 233 1614 Claram
255 1581 430 1620 dispergere
454 1580 588 1610 culmina
611 1578 720 1618 lucem]

20 1633 142 1674 Inepte
166 1632 238 1662 haec
255 1631 353 1661 aliter
380 1639 479 1670 quam
495 1629 537 1658 de
562 1629 629 1659 Dei
646 1629 720 1658 luce

22 1688 130 1715 totum
160 1682 325 1721 templum
352 1680 514 1719 implente
532 1678 722 1718 intelligan-

21 1739 88 1772 tur,
101 1744 176 1765 cum
190 1733 261 1773 ipse
275 1732 398 1762 doceat
413 1730 634 1770 sequentibus
649 1739 722 1759 ver-

21 1784 83 1822 bis,
119 1785 127 1800 ‘
141 1783 336 1815 Adventum
368 1785 495 1812 testata
523 1779 612 1810 Dei!
667 1780 721 1810 Sic

22 1839 133 1865 autem
161 1834 270 1863 lucem
296 1833 462 1862 insuetam
489 1830 643 1861 comitari
664 1830 722 1860 ad-

22 1888 160 1914 ventum
177 1883 326 1913 Deorum
343 1880 546 1912 sciscebant.
584 1880 700 1911 Barth.

66 1933 257 1972 Dispergere
266 1931 399 1962 culmina
411 1930 522 1969 lucem]
546 1930 639 1961 Libri
654 1940 722 1960 om-

23 1992 81 2013 nes
107 1983 222 2013 lumina
247 1982 300 2012 vel
325 1981 444 2012 limina.
500 1980 591 2011 Nihil
616 1985 719 2010 muto.

23 2033 109 2063 Stat.
124 2032 225 2062 Theb.
240 2041 263 2061 1.
288 2032 296 2047 ‘
313 2031 447 2061 radiant
463 2030 588 2070 majore
602 2039 721 2060 sereno

25 2081 199 2114 eulmina!
222 2082 297 2112 Val.
311 2082 467 2119 Flaccus,
483 2081 506 2111 l.
519 2089 553 2110 v.
576 2081 585 2097 ‘
601 2080 721 2110 Curre-

23 2143 59 2164 re
77 2142 136 2173 per
156 2131 274 2162 summi
300 2130 411 2169 fulgor
426 2129 596 2169 laquearia
614 2129 721 2160 tecti.’

25 2183 126 2215 Ovid.
136 2183 227 2213 Fast.
239 2191 260 2212 1.
273 2182 281 2197 ‘
294 2181 443 2211 Flamma
454 2180 563 2210 nitore
574 2189 631 2209 suo
642 2184 723 2209 tem-

22 2234 152 2274 plorum
167 2231 324 2262 verberat
340 2239 470 2268 aurum,
487 2229 530 2259 Et
543 2230 721 2260 tremulum

25 2294 153 2316 smuma
168 2283 299 2324 spargit
324 2281 356 2311 in
372 2281 446 2312 aede
467 2280 590 2321 jubar!
627 2281 720 2311 Male

26 2344 106 2373 ergo
124 2334 174 2364 vir
188 2332 399 2364 doctissimus
416 2331 591 2364 ,lohannes
610 2332 722 2361 Meur-

27 2384 94 2414 sins
111 2384 142 2413 in
166 2383 252 2413 libro
277 2383 318 2413 ‹le
335 2382 438 2412 sacris
455 2381 636 2412 Eleusiniis
653 2380 720 2418 fnl-

26 2433 109 2463 mina
132 2432 313 2471 legendum
336 2433 390 2462 hic
415 2436 543 2463 censet.
588 2431 719 2472 Siquid

27 2482 237 2519 mutandum,
253 2483 381 2511 culmine
402 2481 599 2519 rescribam,
625 2486 662 2511 ut
679 2481 722 2511 ad

27 2533 63 2562 -rb
74 2531 199 2563 delubra
212 2530 391 2562 referatur.
415 2530 496 2562 Aldi
510 2535 603 2561 certe
616 2531 722 2561 editio

25 2582 147 2613 lumine.
180 2581 263 2611 Mox
278 2581 456 2620 Cecropium
471 2585 507 2610 et
521 2580 641 2610 attollit
657 2590 723 2611 me-

25 2632 126 2662 liores
142 2629 240 2665 libii3
265 2638 330 2659 non
349 2630 564 2668 Cecropidum,
588 2639 651 2660 nec
668 2639 722 2660 esc-

28 2680 125 2712 tollit.-
144 2683 257 2710 noster
270 2678 418 2719 Epithal.
434 2678 618 2710 Celerinae:
635 2679 723 2720 ‘pri-

1357 127 1470 169 1625

772 243 840 264 mas
858 242 921 263 nec
938 232 989 263 fas
1003 232 1157 263 attollere
1177 229 1306 261 taedas.'
1330 231 1470 272 Statius,

770 284 873 316 Tlieb.
906 293 944 314 ιι.
968 284 977 300 ‘
995 281 1169 313 Multifida
1195 280 1355 311 attollens
1385 282 1469 311 anti-

771 344 837 374 qua
867 334 992 363 lumina
1023 331 1149 362 cedro.’
1186 330 1285 361 Silius
1302 338 1337 361 x.
1367 330 1468 369 ‘Ipse

769 394 868 415 manu
883 385 1006 415 celsam
1024 383 1139 423 pinum
1164 380 1398 420 flammamque
1416 390 1470 411 co-

770 440 917 465 mantem
937 433 1075 464 Attollit
1093 430 1235 462 ductor!
1261 430 1363 470 Apud
1378 429 1470 469 Apu-

771 485 871 514 leium
888 495 894 514 :
920 485 927 500 ‘
944 484 1062 520 Erant,
1079 483 1134 522 qui
1154 486 1344 521 praeacutas
1369 479 1469 511 sudes

771 535 993 571 attollerent,’
1019 534 1076 564 lib.
1092 543 1171 564 vui.
1185 534 1270 564 Met.
1285 537 1320 563 et
1333 535 1471 572 postea:

769 587 777 602 ‘
793 586 1004 626 brachiisque
1022 584 1160 614 humero
1179 588 1275 613 tenus
1296 581 1470 611 renudatis

769 636 964 666 attollentes
979 636 1136 665 immanes
1148 632 1275 671 gladios
1286 641 1324 662 ac
1338 641 1471 663 secures

771 687 951 717 exsiliunt:
996 686 1124 715 Seneca
1151 682 1353 722 Hippolyto,
1370 690 1474 721 appo-

771 736 834 766 site
853 736 893 765 de
918 734 1036 765 cadem
1063 743 1120 763 re:
1143 733 1151 749 ‘
1166 732 1319 762 Mentem
1344 731 1471 769 relaxa,

770 784 925 815 noctibus
951 783 1045 815 festis
1073 782 1185 813 facem
1223 780 1377 812 Attolle.’
1424 781 1471 811 D.

773 835 884 865 Heius.

811 887 831 914 9
856 884 935 923 Dei]
969 884 1046 914 Non
1075 882 1225 913 nominat
1253 890 1365 922 quem,
1395 889 1471 911 cum

769 933 802 963 in
842 943 965 973 genere
997 942 1111 963 omnes
1150 932 1197 961 ita
1234 931 1351 961 venire
1382 929 1473 960 soliti

768 982 950 1022 fingantur.
1005 981 1182 1020 Intelligas
1221 980 1263 1011 de
1299 979 1470 1019 Apolline.

768 1032 886 1063 Barth.

814 1086 852 1113 lO
892 1081 1069 1121 Fremitus]
1106 1079 1268 1112 Hinuitus
1306 1089 1472 1120 equorum

770 1133 937 1163 Plutonis.
975 1132 1070 1171 Virg.
1098 1130 1225 1169 Georg.
1259 1130 1267 1146 ‘
1291 1129 1415 1169 Tuque
1442 1139 1474 1168 ο,

771 1183 824 1213 cui
844 1183 951 1222 prima
977 1181 1179 1212 frementem
1203 1179 1306 1210 Fudit
1327 1179 1472 1220 equum‚'

770 1235 834 1263 ἃς.
860 1233 1009 1262 Parrhas.

814 1285 851 1312 11
875 1281 1092 1322 Cecropidum]
1108 1280 1378 1311 Atheniensium.
1392 1281 1471 1311 Non

772 1333 860 1363 enim
905 1332 1023 1371 procul
1059 1331 1188 1361 Eleusis
1232 1329 1274 1360 ab
1316 1329 1472 1362 Athenis.

773 1381 946 1412 Eleusinia
973 1385 1086 1411 autem
1117 1379 1280 1419 mysteria
1309 1378 1343 1408 in
1370 1380 1474 1409 hono-

773 1441 842 1462 rem
861 1431 994 1462 Cereris
1013 1435 1047 1461 et
1065 1429 1280 1470 Proserpinae
1294 1430 1473 1470 quotannis

771 1481 1046 1511 celebrabantur.

814 1530 1002 1569 Sanctasque
1032 1529 1137 1568 faces]
1175 1529 1263 1560 Nam
1296 1529 1338 1559 ad
1384 1529 1474 1561 faces

765 1580 915 1620 jactatas
946 1580 1110 1621 mysteria
1137 1579 1309 1610 Eleusinia
1336 1579 1474 1610 obiban-

773 1636 840 1662 tur.
879 1630 1136 1661 Procurrebant
1164 1634 1277 1659 autem
1306 1628 1416 1666 simul,
1439 1634 1474 1660 et

772 1680 865 1711 faces
882 1680 1119 1711 coruscabant.
1145 1679 1260 1710 Barth.

816 1730 1006 1770 Sanctasque
1021 1729 1126 1769 faces]
1152 1730 1248 1760 Faces
1269 1732 1384 1760 sancta:
1400 1729 1475 1760 ideo

774 1780 864 1821 quod
890 1780 921 1810 in
948 1779 1121 1810 sacrificiis
1143 1778 1315 1810 Eleusinis
1336 1778 1476 1809 adhibe-

773 1836 903 1870 rentur,
931 1830 1087 1869 exemplo
1104 1828 1254 1867 Cereris,
1278 1838 1355 1868 quae
1372 1827 1475 1858 filiam

773 1881 970 1921 quaesitura,
987 1880 1092 1910 taedas
1109 1878 1342 1918 inflammavit,
1368 1887 1409 1908 ex
1426 1878 1475 1917 ig-

773 1931 872 1961 nibus
890 1931 948 1971 qui
972 1939 1012 1960 ex
1036 1929 1139 1960 AEtna
1155 1934 1349 1969 erumpunt,
1373 1932 1410 1958 ut
1426 1928 1476 1958 ait

772 1981 864 2012 Tull.
883 1989 931 2011 vr.
957 1980 1055 2011 Verr.
1088 1984 1123 2010 et
1149 1983 1263 2009 noster
1278 1978 1335 2010 lib.
1351 1987 1408 2009 111.
1433 1978 1475 2008 de

774 2031 888 2070 Raptu
905 2029 947 2061 ad
965 2029 1084 2060 finem:
1100 2030 1109 2046 ‘
1124 2029 1388 2070 notaequejugis
1405 2029 1476 2059 illa-

773 2080 863 2112 bitur
878 2082 988 2112 AEtnae
1007 2080 1199 2119 Noctivago
1225 2079 1332 2110 taedas
1346 2077 1475 2109 inflam-

773 2136 908 2162 matura
923 2129 1051 2161 labori.’
1086 2130 1175 2160 Hinc
1192 2129 1225 2159 in
1239 2129 1278 2159 iis
1302 2128 1406 2158 saeris
1424 2138 1475 2159 so-

774 2181 881 2211 lennis
898 2185 972 2211 erat
989 2179 1136 2220 δᾳδουχία
1159 2181 1249 2210 toedoe
1262 2179 1416 2217 gestatio:
1440 2184 1476 2210 et

774 2231 897 2262 Callias
909 2231 1065 2262 sacerdos
1078 2230 1211 2261 Cereris
1224 2230 1373 2270 δᾳδοῦχος
1384 2229 1476 2260 Faci-

766 2280 822 2318 fer
834 2280 971 2311 dicitur.
989 2280 1081 2311 Plut.
1096 2279 1248 2309 Aristide
1261 2279 1406 2319 princip.
1421 2279 1476 2309 Ita

775 2330 930 2370 intellige
947 2330 1094 2361 Poe'tas:
1121 2329 1223 2360 ()vid.
1241 2329 1350 2369 Epist.
1374 2329 1475 2369 Phyl-

774 2380 833 2410 lid.
848 2382 856 2397 ‘
874 2379 1039 2411 taediferae
1054 2380 1197 2420 mystica
1211 2389 1306 2410 sacra
1319 2379 1430 2411 Deaez’
1441 2384 1476 2410 et

775 2440 831 2462 ιιι.
848 2431 940 2462 Fast.
963 2433 971 2448 ‘
986 2432 1079 2463 Quos
1107 2440 1182 2461 cum
1212 2429 1368 2461 taedifera
1388 2438 1475 2459 nunc

774 2481 877 2511 habet
893 2481 950 2511 ille
965 2480 1067 2511 Dea!
1081 2480 1237 2511 Juvenal.
1249 2480 1321 2511 Sat.
1338 2489 1376 2510 11.
1395 2482 1403 2496 ‘
1419 2479 1475 2509 Sc-

776 2535 872 2562 creta
889 2531 1070 2561 coluerunt
1086 2530 1182 2569 orgia
1199 2529 1311 2560 taeda!
1338 2530 1380 2560 Et
1396 2529 1477 2559 Dia-

775 2591 828 2612 nae
859 2582 1057 2621 Segestanae
1098 2580 1313 2610 simulacrum
1354 2579 1475 2608 dextra

774 2640 875 2662 manu
913 2630 1024 2661 facem
1055 2629 1200 2669 ferebat,
1232 2638 1273 2659 ex
1309 2627 1398 2658 Tull.
1426 2635 1472 2656 u.

775 2681 873 2711 Verr.
896 2680 1039 2712 eandem
1059 2683 1174 2710 autem
1194 2688 1268 2710 esse
1283 2677 1421 2708 Dianam
1439 2679 1474 2707 et
