1763 3116
502 136 564 165 DE
599 135 755 165 BELLO
787 134 979 164 GETIGO.

17 232 100 262 tante
115 241 174 272 pro
183 231 498 269 ,νἀιηιιὶιιηίευονοηι,
510 233 544 259 et
559 229 642 268 rogis
654 237 715 268 pro

8 281 99 320 jugis
125 291 258 312 omnes:
281 281 396 320 perosis
420 279 505 318 rogis
530 277 714 315 Lucensis;

18 330 107 371 quod
120 330 259 362 Barthio
272 330 358 360 curis
368 327 523 359 secundis
535 327 715 368 probatum

19 387 83 413 est.
127 382 212 412 Mihi
229 386 338 412 tamen
351 380 443 419 jugis
469 378 609 414 arridet,
626 378 715 419 quod

17 431 51 461 in
83 431 198 471 primis
225 429 428 460 editionibus
452 433 577 467 exstat,
603 432 638 458 et
661 437 717 458 ex-

17 480 144 520 eei-ptis
158 478 335 519 Pomponii
350 479 448 516 Laeti,
461 488 526 508 uno
536 477 716 515 Vaticano,

18 530 233 566 Farnesiano,
257 534 292 560 et
308 529 416 560 altero
440 528 618 566 Leidensi;
651 537 715 558 non

16 580 103 610 enim
128 579 307 610 verisimile
339 585 405 617 est,
436 578 616 620 profligato
645 579 717 609 lios-

17 630 100 660 tium
125 630 275 660 exercitu
299 629 467 660 cadavera
494 639 512 658 a
536 629 717 659 Stilichone

18 688 99 720 rogo
117 679 218 710 fuisse.
238 680 406 710 mandata.
431 680 474 710 D.
492 680 603 710 Heius.

61 733 122 760 515
149 730 308 767 Sanguine
334 730 505 767 calefecrrit
531 729 648 768 tannes]
673 729 719 758 Si·

18 781 82 811 lius
99 782 172 822 ipsa
190 780 327 811 llumina
351 787 486 811 natasse
509 780 669 819 sanguine
688 779 719 809 in

20 831 148 871 ingenti
163 831 261 861 clade
281 832 395 861 tradit.
422 831 536 861 Barth.

62 883 125 911 516
148 879 210 910 Sub
228 881 347 910 nomine
359 880 476 919 legum]
503 881 720 919 Rescriptum

20 928 97 959 dolo
124 928 236 959 Rufini
264 929 305 959 de
326 930 424 960 hoste
444 929 647 959 dimittendo
665 939 722 959 ex-

21 983 198 1020 procatum
224 979 346 1016 innuit,
364 980 457 1019 cujus
482 984 516 1009 et
534 979 613 1009 alibi
632 989 722 1009 men-

21 1030 145 1061 tionem
159 1029 272 1060 habet.
318 1030 404 1060 Vide
421 1029 511 1060 infra
527 1030 568 1060 ad
584 1040 628 1061 vs.
645 1033 720 1061 565.

22 1081 121 1113 Idem.

62 1134 125 1163 517
152 1131 312 1171 Regnique
342 1129 437 1168 favor
476 1131 605 1161 texisset
645 1129 721 1169 Eoi]

24 1182 206 1222 Fratrisque
222 1182 349 1212 Lovan.
376 1186 415 1211 ut
443 1190 497 1212 111.
525 1182 625 1211 Cous.
652 1180 721 1210 Ho-

22 1241 93 1264 nor.
131 1233 139 1249 ‘
157 1232 247 1263 curis
278 1231 462 1273 aequalibus
497 1231 613 1262 orbem
650 1231 722 1261 Eoo

23 1281 215 1313 cumfratre
229 1282 316 1321 regis
331 1285 350 1312 z'
363 1287 397 1312 et
411 1282 442 1312 in
454 1282 570 1322 Epigr.
588 1283 596 1298 ‘
612 1282 723 1314 Quem

24 1332 128 1364 decus
146 1333 216 1363 Eoo
244 1331 355 1372 fratri,
381 1333 570 1373 pignusque
587 1332 724 1373 propin-

25 1383 82 1424 qui
97 1383 278 1423 Sanguinis
293 1383 463 1424 Hesperio
481 1383 571 1414 misit
588 1383 628 1414 ab
644 1383 724 1414 orbe

25 1432 142 1464 soror.¹
165 1434 209 1464 D.
229 1433 339 1464 Heius.

67 1485 130 1514 518
154 1483 330 1514 Flammata
340 1483 465 1523 fronte]
503 1483 550 1513 Ut
575 1483 662 1512 solet
675 1482 726 1512 ira

25 1535 202 1566 commotis
241 1535 290 1565 rei
327 1535 468 1575 alicujus
506 1534 725 1575 indignitate,

27 1585 120 1616 frons
137 1590 295 1616 aestuare.
321 1585 438 1616 Barth.

68 1638 131 1666 519
156 1635 298 1676 Obliquis
325 1634 434 1674 oculis]
471 1635 655 1676 Obliquum
684 1644 725 1665 ex

27 1685 77 1718 ira
89 1690 262 1717 contuens.
287 1685 383 1716 Idem.

69 1738 132 1767 520
155 1735 218 1766 Sed
233 1737 317 1776 rupit
332 1734 473 1775 rapidas]
506 1734 646 1765 Rabidos
663 1734 728 1774 pri-

27 1795 91 1817 mae
108 1785 187 1816 edd.
202 1791 237 1816 et
251 1785 369 1825 scripti
384 1791 475 1816 octo.
499 1785 543 1816 D.
562 1784 673 1815 Heius.

69 1835 235 1877 Superbia]
278 1836 450 1866 Barbarus
476 1835 582 1866 fastus
608 1835 641 1866 in
669 1835 728 1867 Ju-

28 1893 113 1919 vene
136 1888 241 1926 Rege,
272 1885 484 1918 successibus
508 1890 544 1916 et
567 1895 625 1926 spe
651 1883 729 1915 effe-

30 1943 115 1971 rato.
142 1939 258 1969 Barth.

73 1992 133 2020 521
156 1989 374 2028 Fraudataque
393 1986 528 2019 sensibus
551 1986 643 2026 celas]
667 1987 676 2003 ‘
690 1987 732 2016 E-

29 2038 97 2069 nim
114 2037 248 2068 senibus
271 2037 396 2068 delirat
421 2037 599 2078 linguaque
626 2046 733 2066 mens-

31 2087 109 2129 que'
141 2087 325 2118 secundum
357 2087 563 2118 Lucretium.
607 2086 733 2117 Sensus

31 2142 214 2177 extremos,
229 2138 291 2168 hoc
309 2143 371 2176 est,
388 2146 494 2178 prope
506 2137 578 2177 jam
595 2146 734 2167 evanes-

31 2193 161 2228 centes,
190 2189 222 2219 in
249 2198 289 2219 ea
314 2192 418 2218 aetate
443 2187 630 2218 constituto
660 2195 734 2217 esse

33 2239 184 2280 agnoscit
200 2238 377 2277 Laberius,
391 2247 467 2268 cum
485 2238 551 2268 ait:
580 2238 588 2254 ‘
607 2237 735 2268 Neces-

32 2289 113 2320 sitas
128 2289 204 2321 Quo
220 2298 271 2319 me
287 2288 446 2328 detrusit,
464 2298 551 2329 pene
575 2287 736 2318 extremis

33 2338 186 2370 sensibus
199 2337 221 2369 ?'
250 2339 347 2369 Idem.

78 2390 140 2419 523
178 2388 355 2428 Danubius]
405 2388 542 2420 Numen
576 2388 738 2428 patrium,

36 2438 127 2480 quod
146 2438 224 2469 laedi
247 2439 453 2470 contumelia
470 2440 547 2478 hae,
564 2449 662 2481 quam
677 2449 737 2479 pu-

39 2488 146 2527 tabat,
161 2488 305 2520 videtur.
329 2491 423 2521 Idem.

81 2541 144 2571 524
163 2539 219 2569 Tot
248 2539 418 2580 Augustos]
454 2540 493 2571 Iu
520 2540 665 2571 Thracia
691 2539 740 2569 di-

39 2590 88 2621 cit
105 2593 182 2620 ante
196 2589 432 2621 Theodosium.
472 2591 549 2622 Non
566 2591 680 2621 videas
694 2594 741 2621 ta-

39 2650 118 2672 men
144 2639 310 2681 quomodo
338 2639 470 2671 Alarico
494 2645 648 2681 tempore
664 2650 742 2672 con-

41 2690 192 2728 veniant,
208 2690 263 2730 qui
281 2689 424 2729 juvenili
441 2696 543 2721 a‘tate
561 2696 637 2730 post
663 2700 742 2730 cap-

129 2745 247 2785 Delph.
265 2746 293 2774 ει
316 2743 388 2774 Var.
403 2743 487 2775 Clas.

713 2744 824 2774 Claud.

1354 123 1467 167 1569

770 233 838 259 tam
856 227 998 258 Romam
1015 226 1137 257 obiisse
1151 225 1321 258 traditur:
1339 227 1468 260 Urbem

767 283 882 309 autem
919 277 1092 318 trigesimo
1129 281 1208 317 post
1243 276 1468 309 elevationem

764 327 942 358 Theodosii
980 336 1065 357 anno
1097 327 1201 367 cepit.
1246 326 1469 358 Mendacium

767 388 847 419 ergo
861 378 923 409 lioc
943 378 1144 408 Barbarum.
1169 377 1267 407 Idem.

808 431 869 459 525
898 428 941 459 Te
960 428 1065 468 patiar
1079 428 1225 457 suadente
1236 425 1367 466 sugam]
1390 426 1471 457 Sua-

765 480 837 509 dere
853 478 1107 518 Raplielengius
1131 482 1253 508 contra
1278 481 1414 508 veteres
1433 476 1471 506 li-

767 529 844 559 bros
872 529 969 559 male.
1015 528 1090 558 Vol.
1120 528 1274 566 Flaccus,
1302 526 1361 558 lib.
1391 535 1472 558 vm.

766 579 774 595 ‘
791 580 836 610 Ut
856 588 960 617 gener
987 577 1164 608 AEsonides
1182 582 1296 608 nostra
1318 576 1471 607 conside·

768 634 822 660 ret
838 629 924 667 aula,
942 628 1018 659 Nec
1041 628 1142 658 taleni
1161 631 1316 667 paterere
1332 625 1471 667 fugam?

769 680 823 711 Sic
850 681 858 696 ‘
875 680 945 720 pati
971 680 1121 719 privatos
1139 678 1244 718 lare&
1271 677 1380 718 Nupt.
1402 676 1473 708 Ho-

770 741 840 761 nor.
857 736 890 761 et
909 730 989 760 alibi
1022 730 1030 746 ‘
1050 729 1118 768 pati
1140 730 1240 770 jocos
1271 738 1310 759 ac
1333 726 1474 768 jurgia‚’

770 781 971 820 similiaque.
999 780 1074 810 Val.
1093 780 1248 816 Flaccus,
1264 778 1322 809 lib.
1340 788 1372 809 v.
1389 779 1397 794 ‘
1417 778 1473 808 In-

771 836 866 860 tei-oa
893 831 972 860 laeto
1003 830 1130 870 patitur
1155 830 1311 860 convivia
1339 829 1434 859 vultu
1451 828 1473 867 ;’

771 881 825 910 ubi
843 890 1019 920 perperam
1042 880 1162 919 potitur
1184 889 1224 909 ex
1242 878 1362 909 codice
1380 885 1474 909 vete-

772 930 798 959 ri
812 930 929 959 Carrio
949 930 1034 959 libro
1052 937 1115 958 vn.
1136 929 1144 944 ‘
1160 928 1273 968 Ipsam
1288 926 1476 968 flammige-

772 989 825 1009 ros
852 988 972 1019 cogam
995 987 1214 1017 compescere
1239 981 1367 1016 tauros,
1394 978 1477 1008 Am-

772 1029 977 1068 plexumque
1005 1028 1077 1067 pati
1095 1027 1115 1057 :'
1154 1027 1240 1056 male
1270 1026 1361 1056 idem
1392 1026 1476 1065 illic,

771 1077 781 1093 ‘
794 1077 1030 1116 Amplexuque
1045 1075 1138 1115 peti.'
1152 1075 1280 1106 Eodem
1294 1075 1381 1106 libro
1395 1075 1477 1105 seri-

774 1128 920 1159 bendum
939 1131 1020 1167 puto
1035 1136 1041 1156 :
1074 1128 1081 1142 ⁶
1095 1127 1205 1165 Tune,
1218 1125 1277 1165 ait,
1294 1125 1478 1156 AEsoniden

773 1179 952 1220 quicquam
971 1183 1004 1208 te
1028 1177 1114 1208 velle
1137 1177 1258 1207 relicta
1282 1176 1415 1215 Credis,
1442 1180 1479 1206 et

776 1230 843 1260 ulla
861 1229 934 1269 pati
959 1228 1031 1258 sine
1054 1232 1089 1257 te
1106 1227 1180 1258 loca
1194 1226 1216 1257 ?'
1245 1236 1334 1258 nunc
1351 1226 1479 1267 legitur

772 1279 850 1320 peti.
876 1279 922 1309 D.
941 1277 1058 1309 Heius.

822 1328 955 1358 Cesserit
969 1327 1066 1357 omnis
1084 1326 1246 1367 Obsequiis
1259 1330 1373 1357 natura
1390 1326 1480 1367 meis]

776 1377 952 1410 Jactantia
977 1376 1174 1406 Barbarica.
1236 1376 1338 1406 Hune
1369 1376 1481 1416 ipsum

777 1428 964 1466 Alaricum,
991 1436 1066 1458 cum
1088 1427 1226 1457 Romam
1244 1426 1483 1467 contenderet,

776 1478 942 1509 monitum
981 1482 1145 1518 quantum
1172 1487 1256 1518 opus
1280 1478 1483 1518 aggredere-

778 1534 833 1560 tur
858 1537 924 1558 non
947 1527 1073 1558 insulse
1099 1527 1316 1567 respondisse
1347 1529 1483 1570 accepi-

778 1588 863 1617 mus,
892 1577 1030 1608 densum
1060 1586 1198 1618 gramen
1237 1578 1357 1609 melius
1388 1579 1483 1621 sequi

778 1629 911 1660 falcem.
935 1629 1052 1659 Barth.

822 1683 884 1711 528
913 1680 986 1710 Νοη
1023 1680 1071 1710 ita
1107 1679 1167 1710 Dii
1208 1679 1315 1710 Getici
1341 1679 1485 1721 faciant]

780 1730 900 1761 Faxint
926 1730 1002 1770 lego
1024 1739 1099 1760 cum
1125 1729 1317 1769 Gyraldino
1343 1729 1485 1770 aliisque

779 1780 929 1811 sedecim
959 1779 1108 1820 scriptis.
1145 1779 1333 1820 Capitolin.
1364 1779 1486 1810 Clodio

780 1830 905 1862 Albino
928 1841 935 1861 ε
974 1831 982 1846 ‘
1008 1830 1081 1870 Ego
1119 1830 1314 1861 Caesareum
1351 1839 1488 1870 nomen,

783 1882 872 1923 quod
899 1881 978 1912 mibi
1008 1881 1212 1913 Commodus
1239 1881 1376 1919 detulit,
1399 1881 1489 1913 nolo.

782 1934 841 1964 Dii
860 1932 984 1970 faxint,
1000 1937 1096 1963 utne
1126 1932 1182 1962 alii
1201 1931 1336 1972 quidem
1357 1931 1487 1962 velint!

784 1983 958 2023 Lamprid.
973 1982 1135 2013 Diadum.
1159 1982 1168 1998 ‘
1185 1982 1244 2013 Dii
1257 1980 1366 2012 faxint
1381 1986 1415 2012 et
1431 1981 1490 2013 bo-

783 2044 827 2065 na
842 2034 946 2073 Juuo,
962 2042 1062 2074 quam
1078 2033 1176 2072 colis,
1200 2037 1236 2062 ut
1250 2032 1307 2062 ille
1326 2030 1490 2062 Antonini

784 2084 943 2115 meritum
973 2081 1137 2122 effingat.'
1183 2081 1288 2111 Plura
1310 2081 1351 2112 ad
1371 2079 1490 2111 Ovidi-

787 2144 841 2165 um
858 2132 1098 2173 congessimus.
1122 2132 1167 2162 D.
1181 2131 1295 2163 Heius.

830 2185 889 2214 Dii
905 2183 1025 2223 Getici]
1048 2184 1143 2213 Deos
1161 2183 1267 2214 Italos
1281 2181 1433 2213 Maronis
1445 2181 1492 2211 al-

788 2234 886 2265 ludit.

834 2285 1003 2324 Manesque
1031 2285 1208 2326 parentum]
1238 2283 1339 2314 More
1361 2291 1494 2322 magna-

791 2340 860 2366 tum
877 2335 1023 2376 majores
1040 2345 1116 2365 suos
1131 2333 1357 2365 contestandi.
1373 2333 1495 2363 Manes

790 2391 971 2427 pareutum
998 2385 1032 2415 in
1053 2384 1209 2416 omnibus
1237 2384 1302 2415 diis
1319 2383 1386 2415 suis
1405 2383 1495 2414 eole-

790 2438 850 2468 bat
863 2437 1003 2478 antiqua
1021 2436 1232 2477 superstitio,
1253 2445 1296 2467 ne
1318 2435 1396 2466 dum
1414 2434 1496 2465 Bar·

792 2488 886 2519 bara.
910 2487 1027 2518 Barth.

834 2541 898 2570 529
924 2537 1092 2577 Converso]
1130 2536 1171 2568 Id
1187 2536 1316 2568 factum
1343 2535 1500 2566 Stilicho-

792 2590 843 2620 nis
871 2589 1012 2621 consilio
1040 2588 1206 2629 gloriatur
1227 2587 1430 2619 Claudianus
1447 2592 1497 2614 vi.

793 2640 980 2671 Consulatu
998 2638 1161 2669 Honorii.
1188 2638 1282 2668 Idem.

837 2692 899 2720 530
921 2690 975 2721 Vel
988 2689 1088 2720 victor
1103 2698 1210 2727 regno,
1223 2689 1270 2718 vel
1284 2689 1377 2716 morte
1392 2682 1498 2714 tenebo

1336 2741 1353 2766 5
1379 2736 1410 2766 G
