1763 3116
413 179 462 209 ΙΝ
499 179 551 209 ΙΙ.
583 176 721 208 coNS.
752 174 1084 206 STILICHONIS.

21 274 158 306 mittere
183 274 278 305 dicit.
326 273 470 312 Purpura
499 269 718 309 Principatus

22 324 124 355 index
151 324 253 355 etiam
272 321 437 353 Romame.
484 318 647 359 Loquitur
662 328 718 348 au-

23 380 90 405 tem
109 374 150 405 de
166 373 316 404 Honorio
326 371 486 401 hactenus
499 368 716 407 Claudianus,

21 429 58 454 ut
77 425 108 454 in
125 433 164 454 eo
185 421 400 452 Stilichonem
427 420 519 449 clare
545 427 717 458 agnoscas.

19 473 133 504 Bar-tl..

63 526 123 554 120
146 522 199 552 Sic
226 523 310 550 casta
328 520 467 558 ιἱηιϊηία»
494 519 598 555 Frena
618 517 718 557 dedit]

18 573 140 603 Patav.
156 571 404 609 soss‹1jureutoe;
428 574 606 609 corrupte:
633 577 716 598 unus

17 623 136 654 Petav.
150 627 184 652 ct
199 622 287 651 alter
308 621 398 651 Leid.
413 621 540 651 siccata.
580 619 716 658 Regius,

15 674 60 704 sic
75 677 175 710 tanea,
190 683 250 712 pro
266 673 309 702 sic
325 675 442 707 caut‹1;
465 669 633 710 quomodo
653 670 714 699 Lu-

18 733 109 754 cenS.
127 728 161 753 et
180 725 292 752 (hon.
322 731 404 751 uuus
432 720 525 751 Med.
549 720 593 749 sic
607 729 715 749 sacra:

18 773 126 814 prima
159 772 212 803 ed.
243 777 278 802 ot
310 777 379 802 tres*
410 771 527 811 seripti
556 770 600 799 sic
626 772 717 808 apta:

17 823 112 862 prior
125 823 218 853 Leid.
235 825 324 856 ιιι-[ιη
349 821 436 862 quod
451 822 552 851 etiam
567 821 718 859 impense

18 874 153 913 placct;
179 873 295 902 :illudit
314 882 353 901 co
371 876 405 902 et
433 876 504 910 opt.
527 871 668 907 Moreti,
683 870 716 899 in

17 932 83 963 quo
96 923 139 953 sic
158 926 240 952 avla.
287 922 432 951 possent
451 926 483 951 et
508 931 603 960 parca
620 921 717 956 frena

17 971 157 1002 restitui.
204 971 305 1010 Apud
329 972 457 1001 Lucan.
485 971 588 1000 l.v11.
615 979 716 999 manu

16 1022 143 1053 exarati
159 1021 535 1060 codiceS,frenorumque
552 1022 636 1050 artat
662 1019 715 1049 ha-

15 1072 117 1104 benas.
162 1074 216 1103 De
234 1082 315 1102 voce
330 1075 420 1102 cauta
433 1071 560 1101 dictum
578 1070 598 1101 l.
617 1078 657 1100 11.
672 1069 715 1100 de

16 1123 119 1162 Rapt.
137 1132 183 1153 vs.
199 1126 250 1153 11.
282 1123 326 1153 D.
344 1122 457 1152 Heius.

60 1176 118 1204 121
147 1173 210 1203 His
235 1172 367 1203 moribus
390 1171 500 1201 imbuit
522 1170 630 1210 annos]
667 1169 716 1200 In·

15 1224 82 1254 duit
114 1225 226 1264 potior
257 1224 462 1263 scriptorum
494 1231 592 1262 parm
627 1230 717 1252 vere.

17 1275 159 1313 Plinius,
176 1276 433 1305 l.xxv111.(·.s.
461 1274 468 1289 ‘
488 1273 604 1302 Mores
620 1271 717 1311 pudi-

16 1334 72 1354 cos
90 1330 123 1355 et
141 1335 276 1355 severos
294 1323 448 1354 induerc'
466 1323 563 1353 dixit.
590 1323 685 1352 Idem.

61 1377 120 1404 122
150 1374 258 1404 Verior
284 1373 423 1411 Augusti
445 1372 583 1410 genitor]
617 1372 717 1401 Illum

16 1423 104 1454 enizn
121 1423 303 1453 necessitas
320 1428 353 1452 et
370 1427 490 1451 natura
507 1421 615 1459 dedit,
628 1420 717 1450 liunc

16 1472 163 1503 studium
178 1471 403 1502 etinstitutio.
426 1470 610 1501 l’liaedrus:
637 1472 645 1486 ‘
658 1471 718 1500 Fa-

15 1523 61 1553 cit
77 1526 236 1563 parentes
254 1521 399 1559 bonitas,
422 1530 487 1550 non
512 1520 718 1551 necessitas)

14 1572 70 1603 Sic
87 1581 185 1602 verus
204 1572 276 1601 Rex
303 1571 399 1600 Deus
417 1569 627 1609 Christianis,
644 1580 715 1610 prae

16 1633 80 1665 quo
98 1623 214 1654 canteri
228 1621 391 1662 figmenta
408 1626 443 1652 et
461 1631 570 1661 nugae.

58 1673 190 1704 Fiducia
204 1673 273 1703 belli
288 1673 381 1702 Facis
396 1673 566 1713 consilium]
588 1673 645 1703 Ita
659 1682 714 1703 vo-

15 1729 69 1755 cat
87 1724 318 1761 Stilichonem,
340 1723 432 1753 velut
456 1724 600 1753 animam
625 1733 715 1754 men-

15 1781 150 1815 temque
168 1774 274 1814 ipsam
289 1773 430 1813 Impcrii
443 1778 478 1803 et
491 1773 714 1814 Reipublicae.

15 1824 130 1855 Barth.

59 1877 119 1905 124
138 1872 299 1915 Instoruit]
325 1875 418 1913 Cape
435 1873 477 1904 ad
494 1873 627 1904 insitam
641 1873 715 1904 diu-

16 1924 213 1955 turnitatem
230 1924 411 1965 quandam.
436 1924 532 1955 Idem.

57 1974 186 2005 Artibus
197 1973 287 2013 cetus]
303 1973 625 2013 Arcibuslegendum
639 1984 714 2004 cum

15 2024 108 2055 libris
139 2024 279 2055 decem:
317 2033 439 2063 supra3
475 2026 484 2040 ⁶
506 2024 583 2054 Non
613 2023 715 2054 alium

15 2080 109 2105 certe
139 2075 299 2104 Romana:
331 2074 453 2104 clarius
475 2084 568 2105 arces
597 2075 715 2105 Susce-

15 2133 96 2165 pere
112 2123 255 2154 ducem)
279 2123 398 2162 Virgil.
421 2125 429 2139 ‘
445 2124 608 2154 Inbellem
623 2134 716 2154 aver-

14 2176 57 2207 tis
94 2175 256 2206 Romanis
295 2175 430 2205 arcibus
470 2175 615 2206 Iudum.’
672 2176 716 2207 D.

17 2226 126 2257 Heius.

58 2279 117 2307 125
145 2276 368 2315 Translataque
392 2276 484 2316 pene]
523 2276 716 2307 Constanti-

17 2328 175 2368 nopolim,
206 2337 275 2368 prae
307 2337 374 2367 qua
404 2325 572 2357 detlorere
602 2332 637 2357 et
659 2327 715 2357 (le-

17 2387 172 2408 crescere
186 2383 281 2408 vetus
297 2379 404 2408 Roma
420 2377 612 2408 videbatur.
648 2377 716 2407 Ini-

18 2428 114 2468 quior
130 2438 263 2469 semper
279 2429 447 2459 Orientali
469 2428 610 2469 Imperii
628 2428 717 2468 parti

18 2478 71 2508 liic
88 2483 195 2516 vate&
220 2489 284 2509 non
302 2479 361 2509 abs
379 2489 413 2510 re
431 2479 579 2520 quidem,
603 2479 634 2509 in
652 2480 716 2509 Pa-

18 2527 107 2558 troni
120 2529 167 2557 sui
182 2529 344 2567 gratiam3
368 2529 547 2569 tangitque
560 2529 716 2560 laudibus

17 2578 144 2608 veteris
183 2579 294 2609 ltomae
330 2579 591 2619 degenerantem
625 2580 717 2610 illam

20 2637 154 2657 novam.
180 2628 292 2659 Barth.

64 2680 125 2707 126
154 2676 324 2707 svn-itibus
351 2678 447 2718 arvis]
482 2679 655 2718 Subjectis
686 2681 718 2712 vi

20 2736 190 2757 armorum
205 2727 355 2758 Romano
370 2727 530 2767 Imperio.
554 2729 652 2761 Idem.

1356 164 1471 206 1541

813 270 874 298 127
899 267 937 298 In
958 266 1119 307 proprium
1143 266 1268 296 seducta
1294 265 1404 305 larem]
1443 267 1473 298 A

768 318 947 349 servilibus
962 318 1026 347 illis
1043 317 1132 347 arvis
1150 320 1185 346 et
1200 315 1337 346 urbibus
1356 316 1473 347 Romae

768 368 941 408 subjectis,
987 367 1135 398 Incessit
1163 365 1365 397 Consulatus
1395 365 1475 395 alio-

768 429 840 449 rmn
857 419 936 449 alibi
962 428 1061 459 quain
1087 418 1118 447 in
1137 417 1251 457 capite
1269 415 1372 445 Orbis
1388 415 1474 445 urbe

769 473 895 500 sumtos
922 474 1114 510 gestos-que,
1139 476 1214 497 cum
1241 466 1355 496 Romae
1381 465 1474 505 inge-

767 530 850 550 nuus
866 520 919 550 liic
933 519 976 549 sit
994 520 1104 549 honos.
1131 518 1228 547 Idem.

811 570 849 601 In
864 570 1022 610 proprium
1036 570 1160 599 seducta
1174 566 1282 606 larem]
1306 565 1367 596 Sed
1383 566 1475 596 ducta

768 623 914 652 Lucens.
933 622 1037 651 bene:
1063 618 1230 660 quomodo
1248 622 1283 647 ct
1311 615 1474 646 Barthius

767 672 857 702 curis
875 671 1031 702 secundis
1048 668 1204 709 conjecit.
1230 667 1272 697 D.
1290 666 1403 697 Heius.

811 726 872 754 128
890 720 1052 761 laeserat]
1070 722 1270 757 Iuliarserat,
1288 718 1390 748 infixa
1402 715 1477 747 fue-

769 778 832 805 rat.
879 774 1007 803 IIoerere
1035 771 1125 801 enim
1154 773 1367 800 constantem
1398 776 1475 808 per—

768 825 974 855 mansionem
992 823 1141 853 denotat.
1170 820 1284 851 Jssartlae.

812 879 873 906 129
901 873 1050 913 Reponic]
1085 871 1214 903 Ordine
1232 880 1292 901 suo
1317 869 1474 901 collocat.

769 925 868 954 Idem.

812 976 871 1002 130
897 971 1044 1002 Proxime
1072 970 1147 999 Diis
1172 967 1300 1006 Consul]
1337 968 1474 998 Summa

765 1021 911 1052 felicitas
944 1020 1135 1061 proximum
1173 1018 1347 1058 perhiberi
1385 1019 1474 1051 Deo,

766 1073 865 1103 Idem.

810 1124 871 1152 133
896 1121 978 1151 Luce
994 1119 1110 1150 metalli
1124 1118 1264 1158 AEmula]
1287 1115 1382 1147 Auro
1407 1117 1476 1148 col-

766 1173 884 1203 lucens
902 1171 1124 1210 reluceusque
1142 1167 1303 1208 undique.
1332 1168 1429 1197 Idem.

812 1225 872 1252 134
898 1220 1043 1259 fastigia
1058 1219 1190 1249 conserit
1211 1216 1321 1256 nstris]
1356 1216 1413 1248 Ob
1430 1216 1475 1247 al·

767 1272 948 1303 titudinem
974 1270 1112 1301 molium
1141 1270 1211 1299 sive
1237 1267 1474 1299 auliticiorum.

770 1324 865 1353 Idem.

814 1376 872 1402 135
898 1371 1022 1411 Septem
1037 1370 1168 1409 scopulis
1189 1368 1293 1407 zonas]
1326 1368 1391 1398 Tot
1414 1377 1475 1398 nu·

768 1431 861 1453 mero
897 1430 997 1451 zonas
1034 1423 1191 1449 statuunt
1224 1417 1388 1457 nonnulli,
1417 1417 1474 1448 alii

769 1472 916 1512 quinque
932 1471 1032 1501 solas.
1057 1470 1155 1499 Idem.

810 1522 926 1562 mes]
952 1522 1030 1552 Fuit
1047 1521 1149 1551 ctiam
1175 1521 1293 1550 Roman
1323 1518 1476 1559 Septizo-

767 1573 872 1611 nium,
901 1572 1004 1602 iudex
1035 1570 1124 1601 forte
1155 1574 1287 1609 septem
1320 1569 1475 1608 planeta-

768 1634 852 1655 rum.
874 1624 998 1653 Claver.

811 1677 872 1706 136
885 1676 1048 1704 Armorum
1059 1673 1217 1710 legumque
1225 1669 1352 1709 parens]
1365 1669 1475 1700 Quar-

767 1729 821 1756 tus
838 1724 1026 1755 Vaticanus
1038 1732 1097 1762 pro
1110 1722 1244 1752 diversa
1261 1720 1407 1751 lectione
1420 1729 1475 1759 po-

766 1779 852 1806 tens:
883 1784 948 1815 quo
974 1772 1095 1804 alludit
1125 1776 1160 1802 et
1187 1769 1475 1810 Rottendorphia-

765 1835 839 1864 nus,
864 1825 919 1865 qui
942 1827 1060 1864 patens.
1106 1831 1158 1852 xv.
1177 1822 1277 1853 Cous.
1304 1819 1473 1851 Honorii:

766 1877 774 1892 ‘
792 1876 924 1914 Cernis,
953 1879 990 1904 ut
1018 1882 1187 1903 armorum
1220 1880 1392 1912 proceres,
1427 1871 1475 1900 le-

769 1934 915 1965 gumque
945 1927 1102 1964 potentes
1135 1922 1305 1953 Patricios
1337 1925 1475 1951 sumunt:

767 1974 923 2006 11abitns.’
967 1974 1023 2004 Sic
1040 1974 1143 2011 legum
1164 1976 1271 2012 potens
1290 1970 1474 2011 Pompeius

768 2028 927 2064 Lucano;
964 2025 1022 2055 nbi
1056 2034 1162 2063 regam
1193 2023 1279 2053 male
1322 2022 1473 2062 legitur:

765 2077 774 2094 ‘
791 2078 869 2109 Non
894 2076 1040 2107 domitor
1065 2074 1194 2113 mnndi,
1218 2083 1281 2103 nec
1310 2078 1360 2103 ter
1376 2072 1475 2112 Capi-

768 2128 851 2158 tolia
878 2136 979 2158 curru
1006 2125 1179 2163 Invectns,
1207 2124 1387 2164 legumque
1415 2132 1474 2163 po-

769 2182 855 2215 tens,
892 2175 1083 2216 vindexque
1122 2173 1292 2205 Senatus.’
1338 2175 1346 2189 ‘
1374 2173 1473 2203 Divae

767 2237 1009 2268 nemorumque
1035 2225 1204 2267 potentes’
1229 2229 1346 2256 noster
1363 2223 1474 2261 infra3

768 2286 804 2312 et
828 2282 836 2297 ‘
856 2284 978 2321 potens
996 2279 1169 2309 volucrum
1196 2275 1317 2317 aquila’
1348 2274 1475 2306 Praefa-

767 2332 859 2362 tione
878 2330 970 2362 tertii
989 2329 1191 2360 Consulatus
1212 2327 1354 2358 Honorii
1382 2325 1473 2366 Aug.

768 2383 776 2398 ‘
797 2382 981 2423 Nemorum
995 2384 1154 2421 potentes
1167 2379 1305 2418 Sylvani
1319 2381 1354 2407 et
1368 2377 1475 2416 Nym-

769 2430 856 2472 phae'
881 2430 970 2471 apud
995 2429 1140 2460 eundem
1170 2429 1226 2459 lib.
1252 2437 1308 2459 ιιι.
1331 2426 1474 2465 ‘Pelagi

769 2488 889 2523 potens
907 2480 1058 2512 Rliodos'
1082 2480 1143 2510 lib.
1171 2490 1201 2510 v.
1227 2481 1235 2496 ‘
1255 2479 1386 2509 Potens
1404 2477 1475 2507 veri

768 2533 886 2564 Pazan’
902 2533 1041 2563 ibidem.
1063 2532 1072 2548 ‘
1090 2531 1226 2562 Animal
1242 2534 1364 2570 potens
1381 2526 1474 2559 letlii’

768 2584 828 2615 lib.
846 2593 894 2614 vi.
918 2584 963 2614 D.
984 2582 1096 2613 Heius.

812 2639 873 2668 138
899 2635 1038 2674 Exigitis
1053 2633 1246 2674 qucefiuibus
1269 2630 1353 2669 orta]
1376 2627 1474 2659 Prin·

769 2687 860 2727 cipia
876 2687 1038 2717 Romanae
1056 2683 1230 2715 Potentiae
1249 2680 1401 2713 omnibus
1419 2686 1474 2708 uo·

770 2737 898 2768 tissima
909 2739 1000 2767 sunt.
