1859 3148
329 157 442 204 1686
518 169 661 202 NorAE
695 167 958 200 maronam
993 169 1043 200 1N
1077 169 1152 201 CL.
1186 168 1367 200 anun.
1399 168 1593 199 xxxix.

328 265 430 298 Silius
446 266 468 297 1.
486 274 522 297 x.
543 265 553 282 ⁴
571 275 633 306 pro
647 263 954 295 libertatislionore
965 263 1029 294 Vel

327 316 469 347 famulas
479 325 607 347 armare
619 313 761 346 manus!
776 314 905 344 Noster
915 313 1030 344 Laude

325 367 487 397 Serenae:
511 367 520 381 ‘
538 365 680 396 famulas
703 368 843 394 exercet
860 363 940 393 laeta
955 363 1032 394 cho-

327 425 402 448 reas
416 417 437 448 z‘
462 417 518 447 ubi
533 416 650 446 choreis
666 415 752 444 male
771 413 907 454 quidam
934 424 1029 455 repo-

325 470 422 497 nunt.
468 465 613 504 Eidyllio
630 464 672 493 de
690 464 873 495 Phoenice:
902 465 910 481 ‘
931 465 1029 496 Celsa

324 526 387 557 per
415 515 556 546 famulas
583 514 670 544 acies
696 513 825 545 ditione
842 515 1027 555 superbit2’

325 565 492 607 quomodo
509 574 550 594 ex
573 564 709 603 scriptis
735 564 927 604 legendum.
971 566 1028 596 Sic

318 615 456 652 famulos
468 622 591 653 greges,
607 612 745 651 famulos
759 617 814 644 coet
820 623 865 654 us,
873 614 1029 651 famulam

322 665 475 697 cohortem
493 664 633 695 Statius,
680 664 807 694 Noster
826 664 964 701 famulos
983 674 1030 695 re-

324 724 392 753 gesi,
422 713 578 751 famulam
611 713 848 753 Carthaginem,
875 713 1031 751 famulum

322 763 451 795 Araxen
463 767 492 794 et
507 763 691 804 Hydaspen,
706 766 736 794 et
745 763 887 801 famulas
905 765 1029 803 Gangis

320 814 428 853 ripas.-
476 814 645 855 quomodo
683 813 841 851 famulum
887 814 1029 845 Rhenum

325 863 428 895 Ovid.
444 865 466 895 1.
483 873 509 895 1.
522 864 615 895 Fast.
637 865 646 880 ‘
662 863 870 895 Tradiderat
884 863 1028 895 famulas

316 913 387 953 jam
416 913 479 945 tibi
511 915 646 945 Rhenus
679 924 783 955 aquas
797 913 819 945 :'
857 914 906 945 sic
936 914 1026 945 enirn

321 964 444 1004 scripti
477 969 695 1003 constanter;
729 964 785 995 ubi
817 965 914 1005 plura
943 965 1027 995 dici-

319 1022 409 1045 mus.
433 1014 478 1045 D.
498 1014 610 1046 Heius.

366 1066 405 1094 18
442 1063 568 1094 Solutus
587 1063 678 1103 sata]
717 1064 841 1094 Mortis
868 1064 1026 1095 solatium

321 1112 548 1154 scriptoribus
573 1114 740 1153 ultimum,
763 1114 851 1154 quod
869 1114 1026 1145 morienti

321 1166 382 1193 aut
398 1167 530 1194 mortuo
547 1163 667 1204 aliquis
685 1164 910 1204 gratificatur.
941 1165 1023 1195 Bar-

320 1213 418 1245 thius.

362 1266 404 1293 20
424 1263 574 1293 Conditor
585 1263 635 1293 hic
650 1263 780 1302 patrioe]
798 1262 1027 1301 Alexandriae,

319 1312 407 1344 unde
421 1311 582 1343 oriundus
596 1316 757 1351 uterque;
783 1311 929 1351 supplex
939 1311 1025 1342 Poe-

318 1367 367 1402 ta,
384 1366 419 1393 et
436 1362 525 1393 ultor
547 1361 670 1392 nimius
694 1360 913 1392 Poeticarum
939 1361 1026 1402 inju-

319 1411 460 1449 riarum,
476 1410 659 1441 Adrianus.
683 1409 780 1442 Idem.

359 1463 401 1491 21
432 1461 536 1491 Virtus
551 1463 604 1490 tua
626 1459 725 1498 digna
749 1460 848 1500 sequi]
883 1461 1023 1492 Ultione

316 1511 394 1543 Diis
412 1509 646 1551 relinquenda.
691 1510 747 1541 Ita
773 1510 862 1540 enim
888 1520 1023 1550 magna-

315 1560 396 1591 nimi
413 1560 585 1601 principes
602 1559 817 1599 castigabant
833 1561 965 1599 noxios,
981 1570 1023 1592 ne

316 1610 481 1650 sanguine
506 1609 656 1649 poenisve
681 1618 796 1640 eorum
820 1610 913 1649 pasci
930 1610 1024 1642 vide-

316 1663 448 1699 rentur,
465 1659 524 1690 sed
553 1659 674 1690 leniter
698 1659 893 1698 punitorum
919 1659 1023 1692 delic-

317 1713 430 1741 torum
468 1708 630 1740 ultionem
669 1708 731 1739 diis
769 1708 1021 1742 rescribebant.

317 1759 418 1791 Idem.

357 1812 400 1841 22
423 1809 593 1850 Loesimus]
616 1809 766 1841 Occulta
790 1813 826 1842 et
849 1810 1023 1852 ingeniosa

315 1859 359 1892 ad
376 1860 558 1891 veritatem
575 1860 785 1900 provocatio.

360 1909 551 1949 pascatque]
588 1909 684 1948 Mali,
711 1909 835 1950 inquit,
859 1910 1023 1943 vindices-

317 1969 383 2001 que
400 1960 598 1999 Daemones,
624 1960 653 1990 si
679 1960 799 1998 merui,
823 1961 1023 1993 excrucient

316 2019 371 2041 me
387 2021 396 2049 ;
421 2014 457 2041 tu
472 2010 572 2041 modo
588 2019 723 2040 manum
740 2010 922 2043 abstineto.
940 2011 1022 2043 Bar-

317 2058 412 2090 thius.

359 2112 401 2140 23
429 2109 545 2141 Gratia
556 2108 704 2150 defluxit]
727 2109 844 2141 Malim
861 2111 1022 2152 diffluxit.-

317 2162 356 2191 ut
382 2159 473 2199 apud
503 2159 691 2189 Ennodium
716 2159 816 2199 Epig.
842 2163 913 2192 118.
949 2162 959 2178 ‘
979 2162 1020 2193 In

314 2213 448 2241 tantum
463 2209 566 2249 prisci
581 2208 726 2239 diffluxit
739 2208 829 2239 sama
845 2210 1022 2242 Maronis?

315 2262 325 2279 ⁸
344 2260 385 2291 In
402 2269 502 2300 rugas
520 2264 611 2290 totus
627 2258 773 2290 diffluxit
795 2260 911 2291 aniles'
933 2262 1020 2293 libro

315 2310 425 2351 primo
455 2311 488 2341 in
523 2310 747 2350 Eutropium:
786 2311 955 2351 quomodo
984 2317 1020 2343 et

313 2360 384 2391 illic
400 2359 629 2391 scribendum.
655 2360 702 2389 D.
716 2359 827 2391 Heius.

360 2410 478 2442 Gratia
500 2409 649 2452 defluxit]
688 2411 777 2441 Dum
805 2410 866 2441 tibi
898 2410 1018 2442 fuimus

314 2461 463 2502 accepti,
489 2460 578 2502 grati
608 2459 729 2491 fuimus
757 2460 921 2492 omnibus.
966 2461 1018 2492 Te

314 2513 512 2545 adversario
529 2523 628 2544 nemo
645 2523 704 2544 nos
722 2523 786 2544 non
805 2514 1018 2555 prosequitur

313 2562 403 2594 odio.
449 2563 620 2594 Damnare
636 2573 763 2602 omnes,
780 2564 836 2604 qui
851 2563 1017 2604 Principi-

315 2612 380 2643 bus
396 2611 476 2644 viris
489 2613 560 2653 jam
578 2623 642 2643 non
660 2614 705 2644 sit
722 2618 895 2654 acceptus,
912 2614 1018 2646 infini-

316 2666 351 2693 tn
367 2670 463 2702 seges
477 2664 708 2703 exemplorum
725 2663 838 2695 docet.

359 2712 509 2754 Egestae]
532 2712 699 2745 Omnibus
715 2714 807 2746 velut
820 2723 950 2747 sacrum
965 2715 1015 2747 fu-

1084 263 1266 304 gientibus,
1290 262 1439 294 omnium
1460 271 1525 303 ope
1550 265 1644 293 retro
1667 261 1785 294 relata.

1084 315 1199 346 Barth.

1124 365 1165 394 24
1189 363 1367 404 spoliamur
1382 362 1504 403 amicis]
1527 363 1568 395 In
1584 362 1706 404 quibus
1718 361 1784 394 for-

1083 416 1239 444 tunarum
1256 424 1376 451 magna
1393 414 1515 454 portio.
1541 413 1638 444 Idem.

1124 465 1163 492 25
1189 463 1283 493 Hunc
1308 467 1462 494 tormenta
1492 462 1616 502 necant]
1653 461 1786 492 Insanis

1081 511 1186 551 igitur
1199 513 1305 543 modis
1322 513 1461 544 insaniit
1478 514 1576 543 isthic
1596 513 1784 552 peculator.

1081 561 1187 593 Patet
1208 561 1400 602 fugitivum,
1427 568 1486 594 aut
1508 563 1630 593 alicubi
1648 562 1785 592 latitan-

1081 615 1150 642 tem
1188 612 1364 652 scripsisse
1400 613 1588 654 Epistolam
1627 612 1785 644 Claudia·

1081 670 1173 691 num.

1126 712 1276 743 Truditur
1305 713 1409 752 exsut]
1441 711 1617 744 Trudendi
1643 711 1784 743 verbum

1080 763 1252 803 peculiare
1269 763 1299 793 ei
1318 763 1377 794 rei.
1401 762 1518 794 Barth.

1122 816 1163 844 26
1189 814 1269 849 Quoe
1283 824 1364 845 saeva
1377 814 1516 854 pericula
1541 812 1676 853 restant]
1700 812 1785 854 Opi-

1079 873 1143 894 nor
1156 864 1292 903 piacula.
1318 865 1361 895 l).
1377 863 1502 894 Heius.

1118 916 1159 945 27
1185 915 1382 945 Praetereunt
1397 914 1533 952 subjecta
1545 914 1645 954 serae]
1668 914 1784 945 Gene-

1079 973 1162 995 rosae
1192 973 1325 1004 nempe.
1371 965 1519 994 Deorum
1547 963 1785 1005 bominumque

1073 1012 1264 1044 inductioni
1281 1013 1415 1054 subjicit
1431 1013 1606 1044 meliorum
1633 1012 1780 1044 ferarum

1077 1063 1284 1103 exemplum,
1307 1068 1343 1093 ut
1368 1063 1496 1092 immite
1520 1067 1641 1101 pectus
1658 1062 1711 1092 vel
1730 1063 1780 1093 sic

1077 1112 1292 1152 persuadeat.
1336 1111 1398 1142 Ait
1416 1120 1598 1150 generosas
1614 1111 1717 1141 etiam
1735 1110 1784 1142 fe-

1079 1172 1130 1193 ras
1148 1163 1249 1193 animi
1276 1162 1421 1192 victoria
1445 1165 1639 1199 contentas,
1657 1161 1786 1192 hostili·

1077 1213 1137 1244 bus
1151 1212 1349 1252 corporibus
1365 1211 1448 1242 nihil
1463 1211 1576 1242 damni
1590 1211 1683 1242 dare.
1706 1212 1784 1242 Mu-

1077 1263 1184 1294 liebre
1198 1268 1249 1293 est
1260 1262 1374 1293 furere
1387 1262 1419 1292 in
1433 1262 1503 1294 ira:
1528 1261 1676 1293 ferarum
1690 1271 1784 1303 vero,

1075 1324 1138 1345 nec
1177 1324 1415 1355 generosarum
1446 1314 1593 1356 quidem,
1623 1323 1784 1355 praemor-

1077 1364 1159 1396 dere
1176 1369 1211 1396 et
1227 1375 1349 1405 urgere
1366 1365 1550 1406 projectos.
1586 1365 1702 1396 Barth.

1119 1418 1160 1445 28
1186 1415 1316 1445 Emollit
1331 1415 1447 1446 rabiem
1462 1415 1592 1456 proedoe]
1628 1416 1680 1446 Ex
1706 1415 1784 1447 Cla·

1076 1463 1215 1494 veriano
1247 1464 1366 1495 codice
1395 1465 1467 1495 haec
1500 1464 1782 1505 transposuimus,

1075 1513 1128 1543 cui
1155 1517 1191 1544 et
1215 1514 1375 1545 Barthius
1403 1514 1587 1546 subscribit
1613 1515 1703 1546 curis
1731 1524 1782 1545 se-

1076 1563 1207 1594 cundis.
1232 1565 1276 1596 D.
1295 1564 1408 1595 Heius.

1116 1616 1159 1644 29
1185 1614 1263 1649 Quae
1277 1615 1425 1645 stravisse
1439 1614 1557 1654 valent]
1589 1614 1696 1647 Prim.
1714 1615 1781 1646 Va·

1075 1663 1135 1693 tic.
1159 1667 1195 1694 et
1220 1668 1366 1704 quatuor
1391 1664 1445 1694 alii
1469 1664 1588 1699 calent,·
1611 1664 1780 1704 quomodo

1075 1712 1161 1744 etin
1187 1713 1348 1744 Palatino
1373 1713 1493 1744 codice
1521 1714 1601 1754 legi,
1627 1715 1723 1745 testis
1748 1714 1781 1746 iu

1074 1761 1287 1794 Adversariis
1303 1763 1475 1795 Barthius.
1508 1763 1648 1804 Nuptiis
1666 1764 1782 1795 Hono-

1074 1812 1136 1842 rii:
1162 1813 1171 1829 ‘
1190 1813 1280 1842 calet
1298 1812 1418 1843 obvius
1434 1813 1481 1844 ire
1494 1813 1571 1845 Jam
1590 1813 1781 1854 Princeps.’

1073 1862 1204 1894 Statius
1235 1862 1425 1894 Thebaidos
1457 1868 1603 1904 quarto:
1636 1863 1780 1902 ‘Arma‚

1075 1912 1173 1943 tubas
1189 1912 1305 1942 audire
1327 1913 1454 1951 calens,
1477 1918 1513 1944 et
1538 1914 1676 1954 pulvere
1694 1913 1776 1946 belli

1074 1962 1272 1993 Flaventem
1284 1962 1421 1994 sordere
1431 1963 1587 1996 comam.'
1609 1964 1666 1996 Sic
1678 1966 1781 2004 ardet,

1063 2012 1201 2053 flagrat,
1218 2017 1341 2054 annuat,
1354 2018 1390 2045 et
1405 2014 1527 2046 similia
1543 2016 1668 2055 passim
1686 2015 1778 2055 apud

1073 2067 1244 2101 nosti-unu
1285 2064 1327 2095 de
1360 2064 1481 2105 quibus
1519 2065 1610 2097 alibi.
1670 2066 1779 2096 Paulo

1072 2117 1150 2153 post
1167 2115 1270 2144 eadem
1284 2118 1453 2154 prostrata,
1469 2124 1537 2145 non
1553 2125 1587 2146 ea
1603 2125 1675 2146 moa:
1699 2115 1778 2146 libri

1072 2162 1228 2194 meliores
1244 2168 1372 2203 praeter
1384 2165 1481 2204 prim.
1493 2165 1606 2196 Vatic.
1619 2169 1653 2195 et
1663 2164 1776 2196 Palat.

1072 2218 1107 2244 et
1124 2213 1231 2243 Oisel.
1258 2214 1356 2243 Idem.

1116 2263 1194 2297 Qua:
1219 2263 1365 2292 stravisse
1391 2261 1505 2301 talene]
1539 2262 1667 2293 Fervar
1684 2264 1775 2295 enim

1071 2312 1186 2352 ingens
1214 2316 1334 2342 contra
1361 2317 1602 2352 repugnantes,
1631 2313 1776 2346 subsidit

1070 2362 1103 2391 in
1120 2361 1283 2393 subditos.
1312 2362 1427 2393 Barth.

1112 2414 1153 2443 30
1179 2413 1304 2443 Gaudet
1331 2413 1445 2443 cervice
1459 2411 1587 2450 juvenci
1613 2412 1774 2446 Nobiliore

1060 2462 1182 2502 sames]
1205 2462 1261 2493 Ita
1275 2472 1317 2492 ex
1334 2471 1453 2492 novem
1472 2462 1565 2493 libris
1583 2463 1772 2502 legendum.

1068 2512 1195 2542 Statius
1216 2512 1250 2542 in
1274 2512 1373 2542 simili
1397 2512 1650 2552 comparatione
1665 2514 1774 2546 Theb.

1069 2570 1107 2593 11.
1142 2563 1150 2578 ‘
1169 2561 1228 2592 ubi
1254 2561 1413 2600 sauguine
1443 2562 1551 2592 multo
1582 2562 1773 2594 Luxuriata

1067 2610 1172 2641 fames
1188 2610 1209 2640 :’
1234 2615 1268 2641 et
1282 2611 1304 2640 1.
1318 2619 1385 2642 vu.
1408 2612 1417 2628 ‘
1432 2611 1568 2651 Quippe
1585 2611 1666 2642 nihil
1680 2622 1772 2652 gras-

1065 2666 1139 2691 sata
1155 2660 1286 2698 fames‚'
1302 2660 1344 2691 de
1362 2659 1519 2700 tigribus.
1546 2660 1592 2691 D.
1609 2661 1724 2693 Heius.

1108 2713 1145 2741 :31
1176 2710 1465 2752 Nobiliorefames]
1495 2711 1606 2743 Quam
1630 2716 1668 2742 ut
1697 2721 1772 2752 pas-
