1859 3148
337 241 449 282 1560

340 345 454 376 Nacta
469 355 564 376 suum
583 346 792 387 properant!
819 347 865 377 D.
884 347 996 377 Heius.

381 397 445 426 229
469 396 612 427 Monstra
636 397 754 437 Deum]
791 396 971 436 Portenta,
993 406 1042 427 os-

340 450 447 478 teuta.

384 498 542 537 Monieus]
578 498 726 528 Deorum
752 499 800 528 sic
829 499 1044 528 nominantur

341 554 513 589 portenta,
532 550 792 580 admonentibus
810 550 895 581 Diis.
921 550 1035 580 Barth.

383 602 443 631 231
467 600 624 630 Fulmineo
635 600 701 638 ore]
726 601 794 630 Per
807 599 947 630 fulmina
958 600 1045 629 enim

342 659 436 680 snam
454 655 600 679 mentem
620 649 794 679 indicabat
809 650 959 689 Jupiter.
978 649 1047 679 Un-

343 699 386 730 de
405 698 578 738 procurari
596 699 695 728 moris
712 709 763 729 ea.
787 700 884 729 Idem.

385 751 448 778 232
468 747 638 788 (ἰινὺ(ιςιι3]
663 749 831 779 Carbasus
844 749 984 779 linteum
1000 753 1049 778 te-

343 798 550 835 nuissimum,
568 800 751 838 opulentia:
766 799 902 829 nomine
916 808 980 829 non
994 808 1050 828 ne-

344 848 527 886 cessitatis,
555 853 592 878 ut
617 849 777 887 sericum,
793 849 932 879 amictui
959 857 1052 878 usur-

345 901 476 936 patum,
491 902 630 927 auctore
648 898 776 928 Nonio.
821 897 955 928 Talium
972 907 1051 927 usus

345 947 379 976 in
402 946 596 982 scribendo,
623 951 658 977 et
680 947 813 978 inarata
836 946 914 978 huic
936 947 1052 987 generi

347 996 516 1036 Sibyllina
529 997 693 1028 carmina.
718 997 816 1028 Idem.

394 1046 536 1077 Fatidica
552 1050 652 1077 custos
668 1047 801 1077 Romani
817 1046 959 1077 carbasus
979 1045 1053 1085 aevz']

349 1097 435 1129 Qua*
455 1102 567 1127 tamen
595 1106 661 1128 non
690 1098 737 1127 ita
763 1097 984 1137 intelligenda
1000 1107 1055 1127 ve-

349 1147 421 1184 lim,
438 1150 475 1177 ut
489 1147 550 1177 soli
566 1147 725 1187 Sibyllini
743 1147 818 1178 libri
836 1147 869 1177 in
887 1147 1057 1187 hujusmo-

351 1197 385 1227 di
413 1197 528 1227 linteis
554 1197 692 1235 tabulis,
717 1207 774 1228 sen
798 1197 903 1228 lintea
925 1197 993 1227 tela
1008 1196 1056 1226 in-

351 1247 473 1286 ductis,
490 1248 732 1287 scriberentur,
756 1259 831 1279 cnm
849 1248 931 1278 alios
955 1248 1056 1278 etiam

352 1297 401 1328 sic
419 1298 566 1338 scriptos
594 1299 775 1339 reperiam,
796 1299 888 1338 leges
904 1298 977 1328 scil.
994 1300 1057 1328 ἃς.

353 1347 531 1388 Dempster.

394 1400 456 1428 233
478 1398 575 1428 Lanae
590 1396 690 1435 labor]
709 1396 868 1427 Creditus
887 1395 1057 1426 veteribus

353 1446 387 1476 in
404 1446 612 1486 Eclipsibus.
640 1446 757 1476 Barth.

393 1499 456 1527 234
492 1495 641 1526 Noctibus
666 1494 855 1534 horrisonas]
895 1496 1058 1526 κἘνίεονιαε

353 1546 441 1577 bene
459 1545 577 1585 scripti
594 1544 667 1576 fere
681 1555 796 1576 omnes
807 1555 882 1576 cnm
893 1545 1057 1576 Barthio:

353 1596 402 1626 sic
432 1596 440 1611 ‘
458 1595 621 1625 aerisonus
646 1594 755 1626 Nilns’
782 1595 891 1626 Statio
908 1595 1016 1626 Theb.
1033 1605 1057 1625 1.

354 1650 500 1688 propter
526 1645 648 1676 sistra:
676 1650 710 1675 et
735 1647 743 1662 ‘
763 1645 922 1675 aerisonus
947 1645 1060 1685 Stym-

355 1695 486 1736 phalos'
514 1694 624 1726 Theb.
642 1704 689 1726 lv.
715 1695 723 1710 ‘
742 1695 882 1725 aerisona
898 1695 1061 1726 Curetum

355 1747 466 1776 antra'
480 1745 577 1783 Silio,
594 1745 614 1776 Ι.
628 1754 668 1775 11.
683 1744 850 1785 quomodo
868 1750 902 1776 et
923 1747 931 1762 ‘
949 1745 1062 1776 aeriso-

355 1808 415 1829 nas
442 1797 530 1829 oras'
559 1798 635 1829 Val.
663 1798 819 1835 Flaccum,
848 1798 869 1827 l.
887 1807 910 1828 1.
939 1798 994 1828 ubi
1019 1798 1061 1828 de

358 1849 483 1880 Creta:
509 1853 545 1879 et
563 1848 586 1878 1.
604 1857 659 1879 ιιι.
682 1848 690 1865 ‘
709 1848 886 1878 aerisonum
905 1847 1063 1878 montem’

356 1899 454 1930 Idam
470 1903 583 1929 vocat.
629 1900 720 1930 Cave
736 1898 852 1928 audias
869 1897 1064 1938 Isingrinia-

357 1959 436 1980 num
464 1954 499 1980 et
526 1959 569 1979 ex
595 1948 719 1979 nostris
741 1948 930 1986 nonnullos,
946 1948 978 1977 in
996 1948 1066 1988 qni-

362 1999 423 2030 bus
437 2000 445 2015 ‘
462 1998 632 2030 Ausonias
648 1998 775 2029 nrbes.’
796 1999 840 2029 D.
858 1998 972 2028 Heius.

404 2049 612 2089 Horrisonas]
636 2049 765 2080 Omnes
781 2047 859 2078 libri
877 2048 1036 2086 (misenus,
1049 2058 1068 2078 a

363 2101 450 2131 vasis
478 2101 634 2131 nimirum
663 2101 761 2131 aereis
784 2099 904 2140 quibus
926 2100 1068 2139 pulsatis

368 2151 554 2182 credebant
574 2153 675 2182 Lunae
690 2159 898 2180 succurrere.
923 2149 1038 2179 Barth.

405 2203 469 2230 236
493 2201 648 2231 Subcunte
661 2199 766 2240 globo]
797 2198 1053 2230 Intercedente.

408 2251 522 2281 Castra
538 2254 658 2280 secutas
676 2247 836 2287 Barbara]
863 2248 1068 2278 Thessaliam

364 2300 509 2331 maxime
533 2301 763 2340 spoliaverant
785 2299 928 2329 barbari.
975 2299 1068 2339 Lege

365 2351 544 2382 Zosimum.
577 2352 687 2381 Penes
703 2360 775 2381 ezun
795 2355 932 2389 gentem
952 2349 1069 2380 Incan-

366 2402 532 2433 tationum
562 2402 756 2442 Magiaeque
778 2406 877 2432 notus
895 2400 961 2431 fnit
980 2401 1069 2441 prin—

368 2451 514 2491 cipatus.
541 2453 637 2482 Idem.

409 2506 469 2533 237
502 2503 646 2542 Veneriis]
673 2502 790 2533 Noxiis
809 2503 929 2533 herbis.
970 2502 1071 2534 Inces-

368 2556 446 2591 tare,
460 2554 701 2584 conranninare.
728 2554 824 2584 Idem.

412 2607 475 2636 239
514 2605 705 2643 Ncglescrat
748 2604 848 2643 omen]
888 2605 1071 2643 Negleurit

371 2654 440 2685 duo
454 2655 532 2686 libri
549 2666 556 2686 :
583 2665 698 2695 parum
717 2654 834 2686 refert.
862 2655 905 2685 D.
924 2655 1037 2685 Heius.

413 2707 475 2736 240
498 2705 596 2736 Addit
622 2715 696 2736 cara
722 2704 820 2745 nocis]
859 2704 970 2735 Etiam
998 2715 1071 2745 qnte

372 2763 439 2786 non
456 2760 565 2796 crant,
579 2765 660 2787 cura
673 2754 844 2786 condebat
857 2753 979 2786 omina.
1003 2754 1073 2786 Ant

547 251 689 283 No'rAE
722 251 988 281 vAiuoRUM
1025 251 1075 280 IN
1111 251 1186 280 CL.
1218 249 1402 279 CLAUD.
1437 247 1581 277 XXVI.

1091 344 1247 376 effossum
1264 344 1337 384 ipsa
1358 342 1530 374 oblivione
1545 340 1643 378 dicit,
1659 337 1794 379 ingenio

1093 396 1221 426 timoris
1249 405 1334 425 vana
1357 393 1447 424 veris
1475 390 1672 430 attingente,
1694 388 1794 419 modo

1094 446 1165 476 fieri
1199 445 1329 484 possint
1361 448 1420 474 aut
1445 442 1538 473 faeta
1568 440 1696 471 fuerint
1726 447 1797 469 um-

1095 506 1207 537 quam.

1138 546 1307 586 Lapidasos
1327 544 1492 585 grandinis
1504 542 1599 582 ictus]
1632 541 1701 572 Hic
1717 548 1799 580 quo-

1097 606 1161 636 que
1180 596 1269 625 inter
1287 595 1454 634 prodigia.
1479 592 1595 624 Barth.

1139 649 1201 677 241
1230 646 1417 685 Molitasque
1441 653 1571 675 examen
1595 639 1681 681 apes]
1716 638 1801 669 Pro-

1099 696 1265 735 digiorum
1297 694 1494 725 infestorum
1523 691 1659 724 celebre
1686 695 1801 719 unum.

1103 746 1199 776 Idem.

1142 798 1205 825 242
1230 793 1394 832 Incendia]
1430 793 1549 831 Ignem
1566 790 1651 821 coelo
1668 789 1804 820 missum

1102 843 1265 884 prodigiis
1282 844 1362 873 belli
1379 842 1488 872 civilis
1506 844 1665 871 accenset
1684 839 1805 869 Petro-

1102 893 1187 924 nius.
1214 893 1312 923 Idem.

1144 946 1206 974 243
1236 944 1401 983 Nunquam
1412 942 1485 973 coelo
1501 943 1671 981 spectatum
1686 939 1808 978 impune

1102 993 1253 1033 cometen]
1267 993 1465 1026 Quamlibet
1476 1001 1542 1022 non
1553 1000 1654 1022 unum
1670 987 1807 1029 aliquod

1104 1050 1274 1076 ostentum
1306 1044 1447 1081 faciant,
1478 1043 1538 1078 ait,
1568 1049 1666 1072 nemo
1694 1043 1808 1070 tamen

1104 1095 1229 1126 dixerit
1263 1094 1399 1134 penitus
1429 1093 1620 1123 indemnem
1647 1089 1809 1120 mundum

1105 1145 1228 1176 vidisse
1245 1146 1420 1176 Cometen.
1454 1144 1550 1173 Idem.

1148 1199 1211 1227 246
1227 1195 1385 1235 Lycaonia
1401 1193 1438 1223 ab
1455 1191 1567 1230 Arcto]
1588 1191 1680 1229 Lege
1697 1189 1813 1228 Lycao·

1104 1246 1189 1276 niam
1204 1247 1243 1276 ad
1260 1247 1375 1275 Arcton
1392 1253 1468 1274 cum
1492 1241 1638 1272 Lucensi
1655 1243 1689 1270 et
1704 1238 1812 1269 tribus

1107 1295 1202 1331 aliis;
1230 1295 1276 1325 sic
1294 1303 1409 1324 sensus
1429 1291 1578 1332 postulat
1594 1300 1602 1320 ι
1627 1297 1737 1329 neque
1755 1288 1812 1318 ali-

1107 1350 1160 1376 ter
1172 1348 1337 1384 excerpta
1350 1342 1530 1382 Pomponii
1542 1341 1639 1372 Laeti.
1650 1339 1812 1371 D.Heins.

1150 1397 1211 1425 247
1239 1394 1360 1433 Getici]
1385 1393 1496 1423 Omen
1514 1396 1611 1432 aptat
1629 1390 1740 1422 Getis.
1767 1390 1812 1420 Et

1108 1453 1222 1473 veram
1240 1453 1309 1473 rem
1327 1447 1420 1482 puto.
1468 1442 1557 1472 Raro
1573 1442 1661 1471 enim
1678 1439 1813 1470 omnino

1107 1493 1218 1533 fingit.
1238 1494 1390 1532 Moriens,
1406 1493 1581 1533 paullatim
1595 1499 1815 1529 evanescens,

1108 1544 1198 1584 qnod
1215 1543 1256 1573 de
1275 1544 1350 1582 igne
1366 1544 1504 1583 pulchre
1523 1543 1661 1573 dicitur.
1687 1541 1805 1572 Barth.

1152 1597 1214 1624 250
1240 1593 1451 1635 Horrtficanl]
1478 1593 1633 1633 Adigunt
1650 1593 1683 1623 in
1701 1593 1816 1622 horro-

1111 1654 1194 1675 rem.
1221 1645 1318 1675 Idem.

1157 1695 1367 1736 Ilorrzficaut]
1407 1694 1591 1735 Terrificant
1622 1693 1817 1724 Palatinus.

1118 1745 1157 1776 D.
1174 1745 1287 1776 Heius.

1157 1797 1218 1825 253
1239 1795 1424 1833 Prodigium
1441 1794 1611 1833 miramque
1625 1791 1743 1831 notam]
1765 1792 1818 1822 Ve-

1114 1845 1201 1885 rique
1218 1848 1322 1875 notam
1345 1845 1462 1875 duxere
1481 1843 1601 1881 futuri,
1619 1842 1782 1881 scriptum
1799 1851 1818 1872 a

1116 1894 1303 1925 Claudiano
1330 1899 1456 1935 putem.
1495 1893 1596 1924 Ovid.
1625 1893 1713 1923 Met.
1736 1899 1818 1922 vni.

1115 1946 1123 1960 ‘
1140 1945 1242 1975 Fibra
1259 1954 1391 1986 quoque
1405 1954 1495 1984 argra
1513 1949 1610 1974 notas
1628 1942 1697 1973 veri
1714 1941 1820 1972 moni-

1117 2000 1238 2036 tusque
1255 1995 1394 2026 deornm
1411 1992 1662 2025 Perdiderant?
1690 1992 1789 2023 Idem.

1163 2046 1291 2086 Notum]
1324 2045 1622 2084 Observationem,
1637 2043 1820 2074 documen·

1119 2100 1201 2126 tum.
1232 2096 1346 2127 Barth.

1160 2150 1222 2177 256
1253 2147 1365 2177 Venere
1390 2145 1541 2184 latebant]
1575 2144 1708 2174 Latebat
1735 2142 1820 2174 frus·

1120 2201 1171 2227 tra
1185 2202 1303 2228 contra
1318 2197 1464 2237 scriptos
1483 2194 1746 2236 Raphelengius.
1777 2194 1821 2224 D.

1119 2247 1231 2277 IIcins.

1162 2302 1225 2329 25¹.)
1251 2299 1313 2328 Ore
1328 2297 1381 2327 sub
1398 2296 1552 2335 Augusti]
1568 2296 1621 2327 Sic
1637 2294 1824 2326 Cluverius.

1120 2349 1226 2389 Cujus
1243 2349 1327 2379 alter
1344 2348 1451 2378 codex
1476 2353 1510 2377 et
1539 2347 1687 2386 quinque
1715 2344 1823 2375 nostri

1125 2401 1214 2429 Ora.-
1242 2407 1356 2438 supra,
1391 2397 1481 2427 ‘duo
1510 2396 1638 2436 qnippe
1664 2395 1733 2435 lupi
1762 2394 1822 2425 sub

1123 2449 1295 2489 Principis
1312 2448 1393 2486 ora‚'
1408 2448 1463 2478 nbi
1479 2453 1511 2478 et
1525 2458 1577 2477 ore
1593 2447 1659 2478 duo
1677 2453 1823 2478 veteres.

1122 2501 1234 2537 Vulgo
1247 2500 1327 2530 orbe.
1353 2499 1458 2530 Idem.

1169 2553 1231 2582 Ore
1261 2550 1314 2581 sub
1336 2550 1488 2589 Augusti]
1531 2548 1610 2588 Ipso
1636 2548 1821 2589 adspectu:

1123 2601 1222 2631 modo
1245 2600 1326 2631 ‘snb
1342 2599 1504 2640 principis
1519 2599 1600 2629 ora.'
1625 2599 1739 2630 Barth.

1166 2654 1229 2681 260
1259 2650 1397 2690 l'irides]
1435 2650 1521 2680 Vivo
1552 2650 1660 2689 plenae
1691 2649 1826 2690 sangui-

1125 2710 1176 2731 ne.
1212 2701 1337 2732 Viridia
1355 2701 1443 2732 enim
1462 2701 1671 2742 01nnia,quae
1685 2701 1717 2732 in
1731 2699 1824 2732 flore.

1127 2752 1224 2783 Idem.
