1859 3148
322 145 434 190 1690

323 254 391 282 tur.
423 250 504 290 Ejus
521 260 668 291 gemmas
690 248 941 280 commendavit
958 249 1025 280 Pa-

322 301 559 341 negyricorum
604 309 705 340 supra
745 308 809 330 non
842 309 908 329 uno
939 300 1024 331 loco·

324 349 441 381 Barth.

368 400 521 431 Germina
536 410 607 430 cura
630 398 739 438 muris]
766 399 854 429 Cana
880 398 942 439 pri.
959 399 1022 430 Va-

324 450 383 481 tic.
401 457 432 480 et
452 456 595 490 quatuor
612 450 666 479 alii
683 458 758 479 cum
774 449 922 479 editione
941 450 1024 480 Par-

324 500 443 531 mensi.
471 504 505 529 ut
535 499 675 529 uniones
705 499 885 539 intelligat.
933 499 1025 530 Cana

327 550 477 591 germina
507 549 607 578 rubro
633 549 717 578 mari
745 555 865 589 argute
891 558 1027 589 respon·

329 601 429 636 dent;
454 599 534 628 nibil
560 603 673 629 tamen
696 605 809 630 muto:
834 600 911 631 vide
930 605 1025 630 notas

327 650 436 689 Nupt.
450 648 578 679 Honor.
592 659 677 679 vers.
694 652 766 681 165.
786 651 911 681 Noster
924 651 1022 680 alibi:

325 700 333 716 ‘
355 699 471 729 baccis
494 704 615 730 onerat
646 700 872 731 candentibus
907 700 1027 731 aures)

326 749 373 780 D.
392 749 503 780 Heius.

367 803 405 830 10
431 800 581 831 Cinnama
596 800 686 840 rara]
708 801 764 832 Sic
788 801 1025 841 castigatiores

321 850 527 881 membranae
542 861 549 880 :
577 851 651 881 aliae
670 861 791 891 magno
808 861 947 883 numero
964 852 1026 882 cin—

321 909 412 930 nama
438 901 530 930 mira.
586 900 756 931 Martialis
784 901 840 932 lib.
870 910 918 932 ιν.
947 901 1026 941 Epi-

326 959 469 989 gramm.
504 952 554 980 13.
601 951 610 966 ¹
638 951 721 981 Tam
753 951 837 982 bene
864 961 939 981 rara
967 962 1027 982 suo

321 999 508 1030 miscentur
530 999 685 1030 cinnama
710 1000 839 1032 nardo!
875 1001 1027 1031 Pruden-

324 1049 391 1080 tius
413 1050 646 1081 Cathemerin.
670 1051 795 1090 hymno
814 1060 848 1080 v.
873 1051 881 1067 ‘
900 1051 975 1082 Illic
992 1056 1027 1082 et

327 1098 444 1137 gracili
486 1099 634 1130 balsama
673 1101 810 1130 surculo
849 1101 1028 1132 Desudata

326 1147 449 1188 fluunt,
472 1157 612 1189 raraque
638 1149 814 1180 cinuama.’
838 1150 966 1180 Statius
993 1150 1029 1180 li-

323 1197 385 1228 bro
401 1206 448 1228 iv.
465 1198 554 1238 Sylv.
573 1198 614 1228 ad
630 1199 814 1229 Severum:
831 1200 840 1215 ⁴
852 1200 922 1238 jam
938 1198 1027 1230 feret

326 1247 464 1278 Indicas
506 1249 649 1284 Messe&
688 1247 908 1288 odoratisque
951 1258 1028 1278 rara

323 1297 490 1327 Cinnama
508 1296 685 1335 praeripiet
701 1296 855 1326 Sabaeis!
889 1297 933 1326 Et
949 1297 1028 1336 Epi-

326 1345 424 1376 cedio
442 1344 576 1375 Patris:
602 1346 610 1361 ‘
629 1345 716 1376 dites
741 1355 806 1375 nou
823 1346 849 1376 si
870 1346 931 1376 tibi
951 1356 1027 1377 rara

322 1395 431 1426 Sabaei
448 1396 623 1434 Cinnama‚
647 1394 806 1426 odoratas
829 1405 892 1428 nec
914 1396 1026 1428 Arabs

321 1444 493 1484 decerpsit
509 1444 654 1475 aristas.y
672 1445 768 1476 Idem.

366 1495 518 1525 Cinnama
540 1494 627 1534 rara]
654 1495 732 1526 Non
758 1496 868 1536 qualia
896 1496 937 1526 ad
967 1506 1026 1526 nos

320 1545 475 1583 veniunt,
511 1545 687 1586 nobisque,
721 1546 781 1586 ait,
813 1550 895 1577 nota
935 1552 1025 1578 sunt.

320 1596 436 1626 Barth.

366 1648 404 1677 18
433 1645 576 1684 Vectigal
597 1646 790 1686 connubiale]
814 1647 946 1678 Donum
969 1647 1026 1679 de-

322 1695 447 1727 bitum.
493 1697 653 1736 Vectigal
675 1697 823 1737 alioquin
852 1697 942 1738 quod
969 1698 1027 1728 ‹le-

320 1745 433 1786 betur,
457 1756 523 1787 quo
541 1756 606 1777 non
624 1747 747 1784 soluto,
766 1758 861 1778 merx
878 1748 953 1788 ipsa
968 1753 1026 1779 aut

318 1797 487 1836 possessio
531 1797 741 1836 perdebatur
790 1799 1025 1839 antiquissimo

323 1855 428 1878 more.
453 1848 551 1879 Idem.

362 1899 404 1927 19
426 1897 591 1927 Heliconis
606 1898 718 1937 regno]
742 1898 790 1928 Ut
806 1898 957 1938 pronuba
977 1908 1027 1930 so-

318 1955 409 1977 crus.
460 1946 747 1978 Ornamentorum
781 1949 898 1980 talium
927 1958 1025 1979 novae

317 2001 435 2037 nnptae
452 1998 652 2028 collatorum
670 1999 796 2028 mentio
824 1998 858 2028 in
884 1998 1026 2038 Epitha-

315 2046 424 2076 lamiis
441 2047 583 2077 Honorii
612 2052 647 2077 et
673 2047 830 2078 Palladii.
866 2048 1027 2078 Heliconis

315 2105 462 2135 regnum,
486 2097 627 2136 ipseque
650 2097 810 2135 helicon,
831 2097 1027 2128 immortali-

316 2150 426 2176 tatem
445 2148 712 2186 memoriamque
730 2156 912 2187 perennem
929 2148 1027 2178 ineri-

316 2199 427 2226 torum
443 2196 595 2227 denotat.
623 2197 721 2227 Idem.

362 2249 403 2277 20
423 2247 604 2287 Propriam]
620 2250 719 2279 Suam
739 2249 814 2280 sihi.
843 2250 1025 2281 Horatius:

317 2296 327 2314 ‘
341 2295 582 2328 Archilochum
601 2300 737 2338 proprio
755 2300 864 2330 rabies
880 2300 1027 2330 armavit

319 2345 454 2385 iambo,'
469 2353 530 2377 ὰο.
556 2347 652 2377 Idem.

362 2399 402 2426 21
442 2396 610 2426 Dominum
642 2399 783 2438 Olympi]
816 2399 935 2438 Magni
962 2408 1028 2428 ma-

319 2449 452 2477 tronam
477 2449 647 2478 tonantis:
672 2449 816 2479 sunonis
846 2449 1026 2488 peculiaris

320 2496 452 2528 titulus.
512 2498 689 2528 Dominam
730 2499 892 2538 peculiari
926 2499 1027 2528 titulo

321 2546 461 2578 Dianam
498 2548 611 2577 Grzrci
642 2547 765 2578 dixisse
800 2549 957 2578 videntur
985 2558 1027 2578 cx

322 2595 505 2627 Pausaniae
522 2597 713 2628 Arcadicis.
738 2598 833 2627 Idem.

369 2648 410 2677 23
436 2646 503 2676 Nec
520 2647 638 2687 sprevit
662 2647 785 2686 Regina
801 2648 919 2687 Deum]
943 2649 1029 2679 Con-

323 2697 456 2729 etunius
469 2697 562 2739 leges
576 2700 680 2730 Deam
689 2710 702 2737 ,·
719 2699 928 2742 Calliopeum
941 2710 1029 2733 nem-

563 157 706 188 NOTAE
738 155 1001 187 VARIORUM
1035 157 1086 188 IN
1120 158 1196 189 CL.
1227 158 1409 189 CLAUD.
1444 158 1528 188 XL.

1075 260 1130 291 pe.
1156 251 1272 283 Barth.

1117 304 1156 331 24
1183 301 1288 331 Ducta
1309 300 1424 338 satore
1448 299 1510 341 pii]
1537 300 1627 332 Victa
1653 300 1777 333 Patav.

1075 354 1110 380 et
1135 360 1196 390 pro
1218 351 1329 381 honore
1355 360 1441 381 unus
1469 349 1562 381 Med.
1584 360 1697 382 amore.
1731 350 1778 382 D.

1075 399 1196 431 Heius.

1117 452 1156 480 25
1177 450 1374 481 Carminibus
1386 451 1477 481 toties
1492 451 1676 481 lustraverat
1692 449 1778 489 aras]

1076 499 1221 530 Chorum
1247 504 1386 530 cantans
1413 501 1502 530 circa
1525 510 1614 530 aram
1636 500 1779 531 Junonis

1075 549 1230 580 duxerat.
1277 550 1440 589 Lustrum,
1477 550 1636 580 celeriter
1672 549 1779 587 obire,

1075 603 1133 629 aut
1159 599 1335 638 praeterire
1364 606 1471 630 notat.
1510 600 1573 629 Vel
1602 599 1642 629 ad
1668 600 1779 629 lustra-

1076 649 1175 678 tiones
1192 648 1355 687 pertinet,
1377 657 1459 689 quas
1473 648 1622 678 carmine
1643 657 1782 687 perege-

1077 697 1121 727 rit
1138 697 1308 737 Orpheus,
1333 696 1484 728 ambiens
1508 702 1567 727 aut
1595 697 1780 728 emundans

1077 757 1152 777 aras
1179 747 1337 786 Junonis,
1359 755 1552 787 numenque
1579 747 1785 787 propitians,

1078 796 1195 827 talium
1212 796 1347 828 artifex.
1372 797 1488 828 Barth.

1119 850 1160 878 28
1188 848 1335 878 Titanum
1354 846 1495 887 fractas]
1527 846 1645 878 Malim
1663 845 1782 883 fractis

1075 898 1178 928 minis.
1203 899 1250 928 D.
1269 898 1386 928 Heius.
1469 938 1472 940 v

1119 952 1161 979 29
1186 950 1313 980 Noctem
1326 950 1457 987 dignata
1468 947 1621 988 jugalem]
1640 948 1781 978 Montem

1077 998 1190 1029 Oxou.
1217 999 1313 1029 Idem.

1120 1052 1160 1079 30
1191 1049 1354 1088 Augendis
1380 1048 1474 1088 toris]
1511 1047 1688 1087 Ditandis,
1725 1048 1783 1078 ho·

1077 1099 1262 1129 nestandis.
1288 1099 1406 1129 Barth.

1120 1152 1159 1179 32
1185 1150 1273 1179 Solos
1287 1149 1344 1185 sas
1368 1148 1508 1178 habuisse
1536 1148 1638 1188 Deos]
1661 1148 1705 1178 Et
1728 1146 1783 1178 hic

1077 1199 1191 1228 malim
1210 1200 1290 1228 solcis
1309 1200 1405 1228 Deas.
1431 1199 1473 1228 D.
1491 1198 1611 1229 Heins.

1120 1250 1162 1277 33
1190 1247 1362 1278 I’lacabilis
1392 1247 1528 1287 Orpheo]
1566 1247 1684 1288 Orphei
1715 1257 1787 1279 rec-

1079 1297 1145 1327 tius
1163 1297 1271 1328 Aldus
1286 1303 1319 1328 ct
1337 1302 1409 1338 opt.
1425 1297 1584 1329 Ambros.
1604 1308 1678 1330 cum
1702 1298 1784 1329 duo·

1076 1346 1139 1377 bus
1167 1347 1342 1378 Vaticanis
1384 1353 1419 1378 et
1456 1348 1705 1389 Rottendorpli.
1747 1352 1784 1379 et

1078 1397 1184 1429 Oiscl.
1201 1404 1239 1429 ut
1261 1399 1351 1438 apud
1368 1400 1491 1439 Virgil.
1521 1400 1530 1416 ‘
1553 1399 1684 1440 Orphei
1712 1399 1789 1430 Cal·

1077 1447 1203 1487 liopea,
1222 1448 1305 1478 Lino
1323 1448 1491 1479 formosus
1510 1449 1657 1489 Apollo!
1682 1450 1781 1480 Idem.

1119 1500 1158 1528 35
1192 1498 1284 1528 Illius
1311 1499 1491 1539 expectant]
1531 1501 1669 1539 Explent
1697 1500 1782 1530 illius

1076 1546 1289 1587 quindecim:
1330 1553 1397 1578 ties
1427 1549 1511 1579 itlius
1540 1550 1685 1589 explent:
1718 1550 1784 1579 Lu·

1077 1605 1171 1626 cens,
1189 1602 1225 1627 et
1243 1597 1341 1635 prim.
1357 1597 1468 1628 Varie.
1496 1598 1581 1628 iltius
1604 1601 1784 1637 expectat&

1076 1647 1186 1677 bene:
1224 1648 1348 1677 Mon-ti
1378 1648 1461 1677 iltius
1488 1648 1652 1687 expellent,
1682 1657 1783 1688 prox-

1079 1698 1144 1727 ime
1163 1707 1289 1727 verum.
1315 1698 1412 1728 Idem.

1120 1751 1160 1778 36
1184 1748 1250 1778 Sub
1265 1748 1396 1788 pedibus
1410 1747 1544 1788 tegitur]
1568 1747 1704 1787 Regitur
1720 1748 1786 1779 Lu-

1076 1810 1166 1830 cem.
1194 1800 1290 1839 prim.
1313 1800 1473 1830 Vatican.
1498 1804 1534 1830 et
1554 1798 1702 1829 sedecim
1727 1798 1784 1830 alii

1077 1860 1153 1882 cum
1171 1850 1282 1880 Aldo:
1308 1860 1394 1880 unus
1420 1850 1541 1881 Petav.
1566 1850 1698 1880 teritur:
1722 1848 1782 1880 sed

1078 1901 1202 1939 regitur
1219 1900 1358 1940 probum
1381 1905 1445 1931 est.
1485 1899 1585 1939 Apud
1604 1900 1783 1930 Maronem

1081 1949 1242 1982 AEnei‘dos
1259 1950 1424 1990 septimo:
1449 1951 1457 1966 ‘
1476 1949 1619 1980 Externi
1642 1949 1784 1980 veniunt

1078 2001 1211 2041 generi,
1227 2001 1282 2041 qui
1300 2000 1462 2040 sauguine
1478 2004 1629 2030 nostrum
1647 2000 1784 2031 Nomen

1077 2051 1110 2080 in
1131 2056 1221 2081 astra
1238 2050 1363 2087 ferant,
1382 2060 1592 2091 quorumque
1608 2049 1650 2080 ab
1675 2049 1783 2090 stirpe

1077 2106 1220 2140 nepotes
1240 2100 1364 2131 Omnia
1381 2101 1442 2131 sul)
1460 2101 1617 2141 pedibus,
1644 2110 1710 2141 qua
1735 2100 1785 2131 sol

1076 2158 1255 2194 utrumque
1267 2163 1444 2184 recurrens
1452 2153 1586 2192 Aspicit
1595 2154 1784 2192 Oceanum,

1076 2204 1234 2244 vertique
1265 2204 1403 2243 regique
1432 2201 1620 2232 videbunt!
1660 2202 1779 2241 Corip-

1078 2262 1160 2293 pus:
1186 2254 1194 2269 ‘
1215 2252 1378 2292 Augustis
1394 2252 1474 2282 solis
1498 2251 1559 2281 boc
1584 2252 1676 2281 cultu
1694 2261 1783 2282 com-

1077 2303 1163 2343 petit
1182 2303 1244 2338 uti,
1260 2302 1329 2332 Sub
1347 2311 1488 2342 quorum
1507 2301 1649 2341 pedibus
1666 2310 1783 2339 regum

1077 2353 1201 2383 cruor.'
1247 2351 1342 2382 Idem
1388 2350 1598 2381 Praefations.»
1646 2351 1782 2391 operis:

1077 2405 1085 2419 ‘
1105 2403 1201 2432 Deus
1219 2401 1330 2432 onmia
1349 2411 1452 2441 regna
1469 2400 1536 2430 Sub
1559 2401 1705 2440 pedibus
1727 2400 1784 2431 de,-

1078 2452 1128 2481 (lit
1157 2461 1227 2482 esse
1256 2451 1346 2482 tuisf
1374 2451 1522 2481 ibidem:
1559 2452 1567 2467 ‘
1598 2451 1782 2492 Regnaque

1077 2502 1138 2531 sub
1165 2502 1287 2531 nutris
1314 2501 1449 2531 sonient
1479 2500 1662 2532 fortissima.
1689 2502 1783 2541 plan-

1081 2551 1143 2581 iis!
1187 2551 1301 2591 Raptu
1325 2551 1485 2590 Proserp.
1515 2551 1599 2581 libro
1627 2559 1666 2582 11.
1688 2551 1781 2582 ‘Sub

1080 2606 1139 2630 tua
1157 2600 1319 2640 purpurei
1338 2601 1472 2630 xenient
1491 2600 1631 2639 vestigia
1653 2610 1748 2641 reges
1761 2601 1782 2632 ι’

1079 2651 1134 2681 ubi
1153 2660 1330 2690 perperam
1343 2649 1645 2690 Barthiussastigia
1664 2651 1781 2691 reponi

1075 2700 1189 2741 jubet.
1213 2701 1309 2732 Idem.
