1763 3116
342 166 404 198 DE
438 165 599 196 RAPTU
634 163 954 195 PROSERPINAE
990 166 1083 194 mn.

88 262 129 290 48
152 259 253 300 Atque
267 259 356 298 adeo]
390 259 465 290 Non
492 259 560 288 ideo
585 257 740 288 meliores

46 318 122 340 cum
143 309 242 339 Aldo.
265 310 308 340 D.
324 308 434 339 Heius.

87 363 128 390 52
154 357 458 398 Currusqueferalur
477 356 589 396 Arius]
612 358 738 398 Scripti

46 418 169 448 magna
185 418 226 439 ex
244 411 339 447 parte
354 406 505 444 nubibus;
536 411 570 438 et
589 413 741 447 praestat.

48 458 142 489 Idem.

87 510 127 537 54
150 506 273 546 Actoea]
296 506 421 537 Attica.
456 507 571 539 Barth.

86 559 126 586 56
150 556 277 595 Imperii
294 557 414 597 molem]
448 556 573 588 Parum
600 557 743 588 circum-

43 609 158 646 specte
185 606 340 646 equidem
365 606 419 636 hic
446 606 510 637 fuit
537 607 744 638 Claudianus

42 659 181 685 noster:
216 655 350 685 scilicet
376 660 452 695 post
477 655 602 687 sactum
623 657 694 696 jam
714 657 743 687 vi

43 703 211 743 Plutonis,
226 709 261 735 et
282 705 379 735 minis
404 706 477 745 ejus
503 711 657 737 extusum
682 707 744 747 ipsi

44 753 164 793 fatum,
181 754 252 794 ipse
279 755 388 785 saucit
409 756 542 787 demum
559 758 637 798 quid
663 758 745 788 velit

45 804 130 843 tieri,
146 809 182 835 et
196 814 271 834 cum
287 805 466 836 Terrarum
485 806 588 837 Orbis
605 816 745 837 concus-

46 864 101 885 sus
139 853 253 893 fuerit,
291 864 473 895 omnesque
504 855 608 894 fluvii,
641 856 745 886 Fauni

44 905 146 935 etiam
164 914 239 934 cum
258 904 424 944 Nymphis
438 905 470 934 in
483 907 660 936 concilium
679 910 746 936 ter-

44 962 91 992 ra,
102 955 197 992 coelo,
212 954 362 994 marique
377 956 569 993 convocati,
585 955 745 985 indicium

43 1008 162 1043 raptus
179 1008 275 1034 vetat
300 1003 404 1033 bouus
430 1004 569 1043 Jupiter
586 1004 626 1033 ad
645 1005 746 1035 Cere-

46 1063 115 1085 rem
141 1051 282 1092 deferri,
309 1063 383 1094 quae
411 1053 481 1083 sola
507 1053 638 1084 scilicet
669 1063 746 1084 cum

45 1107 152 1134 matre
170 1103 321 1133 Deorum
339 1107 406 1133 tam
418 1103 485 1134 alte
499 1102 651 1133 sterterit
668 1103 746 1133 dum

46 1153 119 1184 lime
141 1151 239 1192 finnt,
254 1157 291 1183 nt
308 1152 387 1182 nihil
402 1162 520 1183 eorum
537 1153 746 1184 animadver-

47 1207 172 1234 terent.
198 1203 295 1233 Idem.

89 1257 130 1284 59
154 1253 194 1283 Se
209 1254 277 1283 licet
298 1253 351 1284 illu
376 1253 456 1293 meo]
494 1253 747 1285 Nobilissimam

48 1303 195 1335 omnium
211 1304 501 1344 Dcarum‚utpote
514 1313 579 1334 non
596 1305 660 1334 alio
673 1305 748 1335 loco

49 1354 166 1395 patris,
185 1364 282 1394 quam
299 1363 342 1384 ex
360 1354 548 1384 meditullio
564 1354 637 1394 ipso
655 1364 748 1385 cere-

48 1406 97 1437 bri
113 1406 295 1446 proditam,
322 1404 498 1435 Palladem
521 1415 590 1444 prae
616 1406 748 1435 caeteris

47 1456 190 1494 indicat,
205 1465 246 1485 ne
265 1464 337 1494 qnae
353 1455 417 1485 alia
434 1455 540 1494 possit
556 1455 661 1486 amori
679 1455 748 1495 ejus

48 1506 229 1537 confidere.
254 1508 350 1537 Idem.

91 1557 131 1587 Se
146 1557 217 1587 licet
234 1558 284 1587 ille
297 1567 360 1587 meo
373 1556 564 1596 conceptum]
597 1556 652 1587 Sic
670 1556 746 1586 scri-

47 1606 194 1638 bendum
239 1606 470 1647 praecedentia
504 1607 749 1647 sequentiaque

44 1657 182 1698 jubent,
222 1663 257 1688 et
294 1658 495 1688 membranae
535 1657 749 1689 confirmant.

49 1707 158 1739 Nimis
180 1707 356 1738 manifeste
385 1708 499 1738 Pallas
525 1712 695 1748 tangatur,
721 1709 747 1739 si

49 1768 123 1789 cum
153 1759 297 1798 vulgatis
324 1759 426 1798 legas
450 1758 491 1789 Se
515 1759 586 1789 licet
611 1759 664 1789 illa
686 1768 750 1789 meo

48 1812 232 1849 conceptam.
259 1810 302 1840 D.
316 1809 436 1840 Heius.

91 1862 132 1890 60
149 1860 271 1890 Sentiet
287 1860 528 1899 irutum‚procul
543 1860 657 1900 oegide]
671 1860 751 1890 Vul-

48 1920 90 1951 go
120 1911 232 1941 iratam
247 1913 351 1951 procul
380 1912 497 1951 (egula,
520 1912 628 1942 minus
654 1913 750 1944 beno.

48 1961 126 1992 Hoc
156 1961 242 1999 vult,
278 1971 344 1992 non
376 1961 587 2002 profuturam
620 1963 750 1994 Palladi

51 2012 173 2051 aegida.
209 2014 336 2043 Notum
354 2013 434 2044 illud
453 2014 586 2053 Virgilii
604 2025 611 2044 ε
637 2016 646 2031 ⁶
664 2015 750 2053 Jng-

51 2060 161 2103 daque
192 2063 387 2094 horrifer-am
419 2064 567 2095 turbatae
601 2065 751 2095 Palladis

50 2111 167 2143 arma.'
209 2113 264 2143 Sic
281 2119 315 2144 et
332 2114 472 2154 Jupiter
488 2115 577 2155 apud
597 2115 712 2145 Silium
731 2115 752 2146 l.

50 2171 101 2193 lx.
126 2164 135 2179 ‘
150 2163 270 2202 AEgide
286 2164 483 2203 prmcellant
501 2169 663 2204 qnantum
681 2165 754 2194 hor-

51 2212 124 2242 rida
139 2212 279 2243 fulmina
298 2214 437 2244 discesz’
469 2215 625 2245 meliores
650 2216 752 2255 scrip-

54 2269 104 2295 tos
121 2265 230 2295 secuti
247 2275 370 2296 smnus.
397 2266 494 2296 Idem.

95 2318 134 2345 61
162 2315 312 2346 Genitum
349 2316 456 2346 ‹Iit-ina
493 2319 575 2346 sorte
618 2315 754 2355 pigebit]

54 2363 158 2395 Quasi
189 2366 294 2403 possit
326 2365 358 2394 in
388 2365 602 2395 divinitatem
634 2365 754 2395 eadere

56 2416 122 2447 ulla
138 2417 356 2447 mortalitatis
373 2417 556 2457 cupiditas.
582 2417 698 2448 Bar-cli.

98 2468 139 2495 63
166 2466 328 2505 Passurus]
360 2467 398 2496 Id
417 2473 479 2504 est,
503 2468 659 2498 luiturus.
685 2467 757 2498 Ho-

55 2519 120 2546 rat.
149 2515 158 2531 ‘
177 2516 346 2555 Quicquid
364 2517 509 2547 delirant
533 2527 642 2556 regeS,
666 2517 758 2556 plec-

57 2570 176 2596 tuntur
221 2564 364 2595 Achivi)
410 2566 527 2596 eadem
574 2570 757 2599 structura.

60 2616 183 2646 Chii-er.

99 2667 141 2695 64
165 2664 217 2694 An
244 2666 377 2703 proprioe
415 2666 586 2704 conspirent
626 2665 758 2696 Tartara

55 2714 188 2754 caussoe]
204 2713 280 2744 Hoc
293 2719 357 2753 est,
370 2714 494 2745 sentiet
505 2723 570 2746 non
583 2714 699 2747 deesse
711 2715 760 2746 in-

143 2767 258 2807 Delplt.
271 2770 301 2799 et
321 2767 395 2800 Var.
417 2768 501 2801 Clas.

733 2769 843 2799 Claud.

1119 167 1192 197 ιιι.
1378 160 1491 202 1665

786 258 884 297 jnriae
903 268 971 289 sum
989 259 1205 297 nleiscondae,
1227 262 1261 290 ct
1278 269 1403 293 caussae
1422 265 1490 295 vin-

792 308 945 339 dicanda=
962 309 1115 340 Tartara.
1142 309 1255 340 Barth.

833 361 875 388 66
894 359 1053 389 Concussit
1069 359 1187 398 sidera]
1211 360 1420 400 Perpetuum
1439 362 1493 392 ‹lo-

792 414 986 438 cumentum
1019 409 1067 439 rei
1094 409 1290 440 constitutae
1318 410 1407 450 apud
1436 412 1493 443 Jo-

794 467 883 488 vem.
908 458 1004 489 Idem.

836 508 948 539 Sidera
964 508 1062 548 motu]
1097 509 1207 540 Vatic.
1233 509 1378 541 melioris
1391 516 1493 550 nour,

794 559 924 590 Bonon.
949 565 985 590 et
1008 570 1090 589 nnus
1109 560 1228 590 Petav.
1254 563 1346 591 nutu:
1370 561 1493 600 placet.

795 609 889 640 Naso
906 610 996 640 Fast.
1025 610 1066 640 de
1093 611 1201 642 Jove:
1239 612 1246 626 ‘
1265 615 1347 641 nutu
1373 615 1495 642 treme-

794 658 902 689 factus
940 665 1083 700 nterqne
1127 661 1186 690 Est
1223 661 1349 700 polnsz'
1383 665 1418 692 et
1447 662 1495 693 sic

795 709 918 749 passim
936 710 1065 741 Pomm.
1091 710 1132 741 D.
1150 710 1260 742 Heius.

838 762 875 789 71
901 760 1049 790 Adversis
1063 760 1168 790 {netuli
1191 761 1306 790 viscera
1327 760 1410 800 telis]
1441 760 1497 791 Ita

796 810 934 849 seripti;
975 811 1074 849 vulgo
1102 811 1259 840 immissis.
1316 811 1400 841 Mox
1431 820 1496 850 quae

795 860 958 898 quondam,
976 869 1041 889 non
1057 861 1128 891 olim
1144 871 1224 900 (μιω,
1239 860 1352 891 iidem.
1378 862 1474 892 Idem.

852 911 892 939 72
930 909 1126 949 Nigreseere]
1178 911 1317 951 Signum
1358 913 1498 944 Luctus.

796 959 912 989 Barth.

840 1010 880 1038 74
903 1008 986 1038 Luco
1001 1008 1141 1039 dilectior
1154 1010 1252 1049 omni]
1276 1010 1376 1040 Unde
1392 1015 1499 1042 traus-

798 1056 866 1086 lata
883 1061 970 1087 erat.
994 1058 1093 1088 Idem.

842 1108 860 1136 7
865 1110 881 1136 5
925 1106 1089 1145 Wrgimoe
1124 1108 1292 1139 Umbrabat
1332 1110 1499 1150 thalamos]

799 1155 882 1185 Cum
900 1155 974 1196 ipsa
998 1157 1101 1188 Ceres
1127 1158 1234 1189 adhuc
1254 1168 1273 1189 a
1290 1158 1377 1190 Jove
1400 1160 1503 1190 viola-

799 1210 834 1237 ta
848 1216 916 1237 non
933 1212 1033 1238 esset.
1059 1208 1156 1240 Idem.

842 1259 883 1286 76
908 1257 977 1287 Ima
993 1258 1089 1297 stirpe
1104 1259 1250 1299 recisam]
1283 1259 1337 1290 Sic
1361 1260 1503 1301 Isingri·

800 1316 884 1344 nus;
920 1308 1047 1347 vulgati
1071 1308 1131 1338 imo
1156 1310 1263 1348 stipite
1278 1311 1501 1351 ccesam‚quod

800 1355 926 1386 frustra
941 1357 1076 1397 qnidam
1093 1362 1245 1390 tuentur.
1269 1360 1389 1399 virgil.
1411 1362 1419 1377 ‘
1436 1361 1503 1392 ima

801 1406 842 1436 de
850 1406 955 1447 stirpe
966 1408 1112 1438 recisum
1124 1409 1238 1440 Matre
1247 1411 1364 1441 caret.'
1377 1411 1504 1443 Noster

800 1456 861 1485 lib.
880 1465 904 1486 1.
920 1456 953 1485 in
972 1456 1082 1488 Rufin.
1105 1458 1114 1473 ‘
1133 1458 1222 1489 vitiis
1240 1469 1259 1489 a
1282 1460 1390 1501 stirpe
1418 1463 1504 1492 reci-

801 1505 871 1535 sis!
916 1507 999 1536 Mox
1026 1509 1233 1548 quaerentique
1258 1510 1347 1540 idem
1371 1512 1506 1551 Isingri-

801 1565 862 1586 nus
887 1556 995 1586 bene:
1032 1566 1072 1586 ex
1099 1558 1199 1588 Statii
1222 1561 1361 1591 1x.l1-oec
1389 1563 1504 1593 adnm-

800 1606 911 1645 brata,
928 1606 985 1637 ubi
1009 1607 1099 1638 inter
1125 1614 1273 1640 caetera:
1309 1612 1317 1627 ‘
1338 1615 1505 1652 quar-renti

803 1656 964 1696 Nympha
995 1662 1154 1688 cruentas
1193 1659 1370 1691 Maenadas
1403 1667 1505 1703 atque

799 1706 932 1737 hostem
969 1706 1055 1738 dixit
1094 1709 1230 1740 saevisse
1266 1710 1426 1750 Lyaenms
1460 1713 1505 1745 Ι).

801 1756 914 1787 Heius.

844 1809 885 1836 79
908 1806 1131 1847 Debelldvisse]
1162 1807 1216 1838 Ad
1235 1808 1385 1841 furorem
1410 1811 1507 1842 Dira-

802 1866 875 1886 rum
889 1857 1199 1888 commodissimum
1215 1859 1369 1891 verbum.
1386 1862 1506 1893 Barth.

846 1910 886 1937 80
910 1907 972 1938 Sed
998 1911 1070 1937 tuuc
1094 1908 1160 1948 ipsa
1183 1909 1248 1948 sui]
1284 1910 1429 1941 Putean.
1453 1913 1506 1942 sed

801 1961 914 1988 tanton.
953 1958 1044 1987 Puto
1059 1960 1112 1987 sed
1129 1960 1263 1989 tandem.
1289 1960 1334 1989 l).
1355 1960 1473 1991 Heins.

845 2011 883 2038 Sl
911 2008 1049 2047 Inserta]
1085 2009 1169 2039 Cum
1186 2009 1227 2038 ad
1247 2019 1322 2039 eum
1346 2010 1422 2040 talis
1440 2020 1507 2041 non

804 2059 1003 2099 pertineret.
1048 2060 1108 2089 Est
1136 2059 1276 2098 pulchra
1298 2060 1339 2090 de
1367 2070 1402 2091 re
1421 2061 1508 2091 Rus-

805 2109 874 2139 tica
899 2113 955 2139 aut
979 2108 1166 2148 arboraria,
1189 2110 1382 2141 hortensive
1409 2110 1508 2150 adeo,

804 2159 995 2198 translatio,
1011 2169 1077 2199 qua
1095 2159 1136 2189 ad
1154 2169 1285 2190 omnem
1310 2170 1377 2191 reni
1402 2162 1509 2191 utitur

805 2209 905 2240 docta
930 2209 1139 2250 Antiquitas,
1167 2220 1239 2251 quae
1269 2221 1334 2241 non
1363 2212 1510 2250 ingenua

805 2266 871 2299 est,
888 2262 945 2291 sed
975 2262 1120 2292 diversae
1150 2267 1292 2301 unturae,
1315 2268 1349 2293 ct
1374 2263 1509 2293 aliunde

806 2312 854 2342 ita
872 2312 985 2341 insita.
1030 2312 1086 2342 Sic
1115 2312 1268 2342 insitilius
1283 2323 1403 2343 somnus
1428 2313 1512 2343 Var-

807 2362 879 2392 roni
905 2362 962 2392 lib.
980 2370 1003 2392 1.
1021 2361 1062 2392 de
1088 2362 1128 2392 R..
1145 2363 1183 2392 R.
1214 2368 1265 2393 est
1294 2363 1510 2400 meridianus,

807 2412 848 2442 de
866 2417 967 2442 nocte
988 2413 1171 2442 translatus
1188 2413 1220 2442 in
1236 2413 1335 2453 diem,
1352 2414 1392 2444 ad
1411 2423 1511 2454 quam

807 2473 872 2493 uon
891 2462 1096 2502 pertinebat.
1122 2463 1238 2493 Barth.

852 2514 977 2543 Inserta
1003 2513 1121 2553 sopori]
1159 2513 1264 2543 Aldus
1293 2518 1328 2543 et
1357 2513 1510 2543 meliores

808 2565 925 2604 scripti
952 2565 1084 2603 ingesta.
1127 2564 1255 2594 Lucan.
1283 2573 1349 2594 wi.
1386 2561 1511 2594 ‘Quod

808 2616 927 2655 Styga,
955 2614 1044 2654 quod
1071 2614 1189 2644 Manes
1212 2614 1412 2653 ingestaque
1435 2613 1514 2641 Tar-

809 2670 883 2695 tara
897 2664 1020 2694 somnis
1038 2664 1204 2703 Pompeio
1229 2664 1363 2693 vivente
1389 2659 1511 2698 videt3'

810 2712 978 2755 quomodo
994 2712 1132 2754 optimae
1157 2712 1378 2743 membranae:
1404 2710 1514 2740 utitur

1353 2767 1370 2792 5
1395 2763 1423 2793 N
