1763 3116
560 126 633 154 cn.
668 123 965 153 cmmoiANi.
1395 118 1507 157 1757

97 221 383 273 exprimendam
417 219 562 263 curavi,
594 218 755 255 sublatis
791 223 939 254 tautum
974 217 1036 254 hic
1069 216 1145 253 illic
1177 218 1410 265 conjecturis
1440 222 1506 258 xiri

97 287 249 325 maximi
286 284 489 328 1101111111113,
529 295 626 333 quas
659 282 695 319 in
734 287 958 319 contextum
993 288 1131 318 temere
1163 280 1365 318 admiserat
1397 289 1505 332 typo-

101 351 286 401 graphus.

48 438 98 442 —
121 414 241 462 Lngd.
269 419 305 450 8.

54 476 152 515 1606
173 477 304 512 Aurei.
328 474 475 511 Allobr.
502 479 561 511 12.
584 486 630 510 ex
650 472 873 510 recensione
895 472 1111 510 Pnlmanni.

47 562 97 568 —
120 539 244 589 Lugd.
270 540 311 575 Β.
342 544 401 576 12.

48 625 97 631 —-
119 603 242 652 Lugd.
274 602 330 639 16.
352 601 539 638 sumtibus
556 600 695 639 Jacobi
712 601 893 638 Ronssin.

52 667 150 710 1607
175 667 327 703 Flexiae.
351 672 385 703 S.
409 679 497 703 cum
520 667 724 702 Annotatt.
746 665 891 701 Tliom.
916 663 1146 713 Dempsteri.
1168 676 1244 700 non
1266 675 1412 713 magnae
1440 663 1505 706 rei,

103 731 262 768 Heinsio
276 731 293 778 j
303 730 430 768 udice.

48 817 99 823 —
121 795 373 844 Raplielengii
396 805 445 830 11.
467 791 528 831 16.
548 808 594 830 ex
613 793 763 830 officina
786 794 951 831 Plantin.
975 792 1241 842 Raphelengii.

56 859 153 897 1608
176 861 290 895 Antv.
317 856 378 895 16.
399 870 460 906 ap.
485 858 694 893 Moretuni.
715 857 874 903 (Forsan
896 855 1029 893 eadem
1050 870 1139 892 cnm
1161 856 1441 903 antecedente.)

58 922 170 960 1611.
189 921 442 964 plantiniana,
466 920 668 957 Pulnianni
687 932 726 956 V.
742 933 828 956 cum
846 921 903 957 M.
921 922 1012 957 Ant.
1032 920 1162 956 Delrio
1182 920 1294 956 notis.
1318 922 1432 956 Antv.
1453 926 1513 958 lQ.

50 1008 98 1014 —-
119 986 302 1024 Genevae.
319 989 354 1021 4.
380 997 469 1021 cum
487 984 668 1021 varietate
694 984 882 1021 lectionis.
903 985 940 1020 in
963 986 1135 1033 Corpore
1156 983 1321 1019 omniurn
1344 990 1510 1020 veterum

103 1054 304 1100 poetarum
340 1048 561 1086 Latinorum
595 1047 811 1086 secundum
843 1047 976 1084 seriem
1014 1053 1244 1096 temporum,
1283 1057 1332 1082 11.
1366 1047 1440 1083 vol.
1472 1060 1511 1096 p.

111 1113 297 1152 512-61‘2.

57 1178 154 1216 1612
179 1177 322 1215 Barthii
344 1189 372 1215 1.
396 1177 596 1214 Hanoviae.
634 1184 668 1215 S.
702 1190 791 1214 eum
812 1174 1208 1214 animadversionibus
1231 1175 1275 1211 C.
1299 1173 1455 1218 Barthii,
1477 1173 1512 1210 in

105 1241 334 1291 bibliopolio
353 1241 601 1278 Willieriano.
643 1242 701 1277 De
723 1254 800 1289 qua
821 1240 954 1289 ipsein
971 1239 1079 1288 praes.
1102 1237 1486 1275 Animadversionnm
1504 1251 1512 1275 :

107 1311 116 1325 ‘
138 1306 265 1342 Solam
289 1304 489 1341 Pnlmanni
509 1303 718 1340 editionem
742 1317 803 1340 an.
831 1300 944 1347 1596.
967 1314 1140 1339 recusam
1162 1301 1282 1338 secuti
1314 1301 1351 1337 in
1384 1313 1515 1338 emen-

107 1369 237 1406 dando
258 1374 415 1405 anctore
437 1381 583 1411 snmus,
607 1380 720 1415 qnam
752 1373 789 1403 et
811 1379 898 1403 cum
928 1365 1107 1401 omnibus
1130 1364 1232 1401 vitiis
1256 1370 1292 1401 et
1314 1364 1515 1401 virtutibus

108 1434 144 1469 in
166 1439 273 1469 textu
294 1431 584 1480 exprimendam
613 1430 817 1478 jussimus,
855 1435 897 1465 ut
929 1434 1124 1465 constaret
1158 1427 1289 1464 lectori
1319 1427 1447 1476 potins
1469 1441 1515 1464 ex

105 1495 511 1539 animadversionibus,
536 1507 650 1542 quani
673 1507 759 1530 cnm
782 1492 955 1542 periculo
977 1491 1189 1540 scriptoris,
1212 1491 1302 1539 quid
1324 1491 1516 1541 corrigen-

107 1559 198 1597 dum
220 1566 256 1596 et
279 1558 506 1596 mutandum
543 1556 1044 1595 censeremus--Pulmanni
1078 1554 1194 1591 fidem
1216 1554 1252 1590 in
1274 1555 1368 1591 Mss.
1401 1555 1516 1591 libro-

109 1637 190 1660 rum
210 1623 442 1660 lectionibus
463 1621 727 1673 proponendis
744 1620 868 1658 secuti
885 1619 1221 1657 sumusssMsstos
1237 1618 1331 1654 alios
1347 1617 1518 1654 conferre

109 1700 184 1724 non
206 1687 344 1724 lubuit.
396 1687 493 1723 Nam
515 1686 543 1722 si
565 1692 624 1723 tot
648 1685 700 1722 illi
723 1685 813 1721 nihil
834 1688 1042 1734 potuerunt
1064 1682 1228 1719 melioris
1248 1690 1348 1718 1101ae
1370 1681 1516 1725 afferre,

108 1751 210 1789 unde
233 1750 436 1789 Claudiani
455 1750 619 1800 insignes
641 1749 738 1786 naevi
767 1747 1084 1792 emacularentur‚
1117 1759 1395 1795 supervacuum
1417 1745 1520 1782 arbi-

108 1820 226 1852 iratus
247 1827 343 1859 sum,
366 1814 487 1850 bonas
509 1814 620 1850 horas
653 1812 690 1849 in
726 1812 838 1849 unius
869 1811 1035 1860 alicujus
1072 1810 1165 1847 Msti
1194 1810 1401 1846 collatione
1432 1822 1517 1846 cor*

109 1879 312 1927 rumpere!
368 1878 487 1915 Aliter
507 1884 597 1927 post
615 1888 824 1914 xxxvxll.
841 1889 959 1913 annos
980 1882 1019 1912 et
1034 1874 1234 1925 judicavit
1249 1880 1285 1910 et
1307 1874 1383 1922 egit
1405 1874 1441 1910 in
1458 1873 1518 1911 ed.

114 1952 166 1979 11.
187 1955 254 1978 sna
274 1955 335 1978 an.
367 1941 478 1979 1650.
497 1941 690 1978 Barthius.

60 2026 110 2032 —-
131 2004 264 2042 eadem
286 2004 406 2042 editio
427 2017 562 2041 recusa
587 2005 747 2041 Bremae.
773 2010 809 2041 S.
831 2016 895 2052 ap.
914 2002 1126 2039 Heusman.
1148 2004 1286 2049 (novus
1302 2001 1470 2048 titulus.)

61 2090 112 2095 —-
133 2068 321 2105 Genevae.
345 2074 381 2103 8.
530 2092 535 2106 .

64 2153 115 2158 —-
135 2131 221 2168 Col.
246 2131 395 2168 Allobr.
419 2137 454 2169 S.
478 2144 499 2168 a
521 2131 747 2168 Pulmanno.

66 2194 163 2233 1613
186 2195 321 2232 Colon.
347 2199 406 2231 12.
428 2194 625 2243 diligentia
644 2192 796 2230 Theod.
818 2191 1034 2236 Pulmanni‚
1066 2204 1130 2241 ap.
1160 2191 1280 2242 Casp.
1316 2190 1521 2228 Bellerum.

115 2259 229 2306 (Haec
250 2267 286 2296 et
306 2257 530 2308 praecedens
552 2271 624 2295 una
645 2257 859 2306 eademque
879 2268 961 2293 esse
983 2254 1193 2301 videntur.)

71 2320 171 2360 1616
196 2328 256 2359 12.
277 2335 339 2371 ap.
362 2322 527 2359 Plautin.

66 2407 117 2412 —
139 2385 260 2422 Paris.
283 2392 344 2423 24.
368 2400 414 2422 ex
445 2385 713 2423 emendatione
747 2384 914 2421 virorum
946 2383 1167 2428 doctorum,
1201 2395 1265 2431 ap.
1298 2380 1524 2430 Sanlecque.

122 2448 308 2497 Expressa
331 2448 480 2484 videtur
500 2463 545 2485 ex
567 2447 897 2496 Raplielengiana.

71 2510 171 2555 1617
193 2513 309 2548 Amv.
343 2518 378 2549 S.
412 2511 565 2548 Theod.
600 2511 799 2547 Pulnianni
829 2511 1029 2561 diligentia
1061 2512 1274 2553 restitutus,
1298 2516 1336 2545 et
1358 2522 1375 2544 a
1402 2509 1524 2544 Marc.

122 2576 213 2612 Ant.
235 2575 364 2611 Delrio
385 2574 484 2611 notis
505 2574 728 2611 illustratus.
750 2579 823 2624 Ap.
847 2576 1005 2613 Hieron.
1025 2575 1221 2612 νει-(11151111
1248 2580 1286 2609 et
1308 2571 1471 2609 l'iantin.

75 2638 172 2678 1618
193 2638 250 2676 Cl.
274 2637 476 2676 Claudiani
498 2638 625 2676 Poetae
645 2651 761 2688 opera
776 2639 906 2676 omnia
917 2645 957 2676 et
970 2639 1106 2676 Avieni
1122 2636 1388 2687 AEsopicarum
1404 2632 1526 2670 fabul.

127 2701 233 2740 liber.
256 2701 396 2739 Duaci.
420 2708 456 2739 8.
