1859 3148
331 184 442 225 1572

334 289 376 318 tis
393 288 481 319 bello
508 287 617 328 ferox,
633 293 668 320 et
695 289 750 330 qui
778 289 897 318 Saulus
914 288 1033 328 opinor

334 338 437 369 fuerit
454 340 666 370 nominatus:
697 340 784 370 unde
802 339 935 380 quidam
955 349 1033 379 pau-

335 388 460 427 pertini
472 389 625 421 historici
640 389 822 419 llebraeum
838 389 1034 429 perhibent.

338 439 458 470 Clarer.

378 492 438 520 584
466 490 526 519 Cui
550 493 663 519 natura
689 489 807 528 breves]
833 489 928 519 Citra
953 489 1032 519 Ala-

335 548 451 569 norum
468 539 612 579 alioquin
640 539 880 579 conditionem,
896 541 951 580 qui
969 544 1034 570 sta-

336 594 410 619 tura
428 598 570 628 procera
587 599 667 623 egeris
685 594 770 620 crat.

380 639 495 668 urei-cs
510 638 621 668 animis
636 639 827 678 ingentibus]
855 639 952 670 Quod
972 649 1033 668 ste-

336 688 409 726 pius
427 686 498 717 sieri
526 693 658 718 certum
675 694 740 727 est,
768 689 960 728 docentque
978 698 1034 718 ex-

337 737 457 776 empla.
481 738 595 768 Barth.

379 789 439 816 585
466 787 576 817 Oculos
602 788 749 825 injecerat
768 787 830 826 ira]
867 787 966 817 Torvi
985 797 1034 817 as-

337 841 438 874 pectu
458 837 568 866 Alani.
595 837 691 867 Idem.

378 889 441 916 586
470 886 651 916 Vulneribus
665 896 738 925 pars
748 887 834 916 nulla
849 886 951 925 vacat]
971 888 1033 917 Po-

335 940 402 966 test
416 935 532 967 abesse
549 941 639 967 totus
653 937 704 966 hic
722 946 849 967 versus.
895 937 940 967 Et
955 947 1034 967 sane

335 987 507 1018 assutitins
523 987 603 1018 mihi
621 987 764 1017 videtur·
811 987 906 1017 Idem.

384 1037 567 1068 Vulneribus
594 1048 666 1077 pars
693 1038 775 1067 nulla
801 1041 903 1076 tacut,
925 1038 1037 1068 recisa.

337 1096 393 1126 que
409 1087 540 1126 cunctis,
566 1086 635 1127 ἔξω]
673 1087 874 1118 Certissima
901 1088 1035 1127 conjec-

338 1142 426 1175 tura,
442 1147 493 1167 me
518 1137 617 1176 (luce,
631 1137 818 1168 rescribes:
850 1137 1036 1168 Vulneribus

336 1198 409 1227 pars
422 1190 504 1219 nulla
519 1191 620 1227 vacat,
636 1188 822 1228 rescissaque
846 1188 956 1227 contis,
982 1192 1034 1222 &a

337 1239 460 1269 Sensus
477 1243 540 1277 est,
564 1238 743 1278 gloriosum
760 1238 859 1268 Getis
876 1239 993 1278 videri,
1009 1239 1035 1268 si

338 1287 459 1318 faciem
474 1288 577 1318 hastis
606 1287 808 1318 militaribus
825 1288 1036 1318 vulneratam

338 1338 494 1368 habeant.
518 1338 659 1377 Dempst.

384 1388 583 1427 Res-cissaque
609 1386 723 1426 contis]
765 1386 821 1416 lta
851 1387 882 1416 in
909 1387 1036 1417 Electis

339 1438 518 1477 Philippus
536 1436 711 1467 Rubenius
723 1437 940 1477 conjecerat;
957 1447 1036 1478 quo-

337 1487 436 1517 modo
453 1492 488 1518 et
503 1487 621 1528 scripti
636 1487 799 1517 nonnulli.
823 1487 934 1526 Vulgo
949 1497 1036 1517 cunc-

337 1538 388 1568 tis.
413 1538 589 1568 Claverius
606 1537 720 1568 cuncti.
766 1536 924 1566 Barthius
946 1546 1037 1575 punc-

338 1588 379 1618 tis
395 1588 481 1618 curis
497 1587 626 1627 primis,
644 1596 706 1617 nec
723 1586 853 1617 felicius
881 1587 1036 1616 secundis

336 1637 492 1676 invisaque
505 1637 645 1676 comptis.
679 1636 874 1666 Ammianus
891 1637 1037 1667 Marcel-

336 1685 436 1723 linus,
452 1685 509 1716 lib.
539 1694 642 1716 xxxr.
688 1685 834 1723 Hunnis,
860 1696 941 1726 quos
959 1686 1038 1717 Ala-

338 1735 388 1764 nis
406 1735 542 1765 eosdem
571 1734 666 1773 facit,
694 1734 840 1765 frontem
865 1736 973 1766 secari
991 1746 1038 1765 as-

339 1789 483 1815 severat.
508 1784 584 1815 via.
602 1785 658 1815 lib.
677 1793 699 1814 1.
716 1785 748 1814 in
768 1784 879 1815 Rufin.
900 1795 946 1816 vs.
962 1788 1035 1816 324.

337 1834 346 1849 ‘
362 1833 512 1865 Obtusus
541 1844 601 1874 per
627 1833 771 1864 barbara
803 1835 942 1865 vulnera
959 1845 1036 1866 con-

339 1886 404 1916 tus'
428 1887 515 1926 apud
548 1886 720 1917 Sidonium
749 1887 963 1927 Panegyrico
993 1886 1037 1918 Α·

341 1936 414 1966 viti.
445 1937 487 1966 D.
506 1937 618 1967 Heius.

381 1989 441 2017 587
471 1987 580 2017 Gloria
587 1987 703 2024 J'azlatz'
716 1987 854 2026 splendet
861 1987 1036 2025 jactantior

337 2037 414 2076 oris]
447 2037 592 2068 Virtutis
633 2037 776 2069 testibus
815 2037 1033 2068 cicatricibus

337 2092 395 2116 aut
412 2087 604 2118 vulneribus
621 2092 779 2118 censetur
800 2088 953 2118 militaris
970 2088 1035 2119 for-

337 2137 488 2168 mositas.
513 2137 629 2168 Barth.

383 2187 494 2217 (ituria
512 2187 629 2224 soeilati
655 2188 731 2228 oris]
756 2188 963 2228 Eleganter:
986 2189 1034 2220 id-

337 2246 400 2278 que
433 2238 508 2267 mihi
541 2243 682 2269 renovat
709 2239 902 2269 memoriam
925 2241 1035 2280 cujus—

337 2286 413 2316 dam
431 2287 523 2316 ducis
540 2288 773 2328 strenuissimi,
789 2298 830 2319 ne
853 2290 931 2330 quid
950 2300 1034 2330 prae-

339 2340 432 2367 terea
449 2337 572 2367 dicam.
598 2337 672 2367 Alia
691 2348 768 2369 vcro
787 2339 873 2370 ratio
890 2345 942 2371 est
958 2351 1036 2372 nau·

338 2390 449 2417 tarum
466 2386 497 2416 in
518 2387 668 2426 Bataua,
694 2389 750 2429 qui
766 2390 860 2429 quasi
878 2390 1036 2428 ludendo,

338 2437 395 2467 sed
411 2437 487 2477 plus
503 2438 585 2477 poti,
600 2438 662 2468 sibi
683 2438 826 2471 invicem
841 2449 900 2471 ora
915 2441 1035 2472 cultris

337 2485 518 2518 dissecant.
544 2488 664 2519 Clarer.

378 2540 441 2567 588
467 2537 524 2567 Ille
539 2537 655 2577 tamen]
689 2538 891 2577 Suspectum
919 2540 973 2571 hic
989 2541 1036 2571 la-

340 2590 390 2617 tet
405 2587 544 2626 aliquid.
590 2588 720 2619 Docuit
737 2591 893 2629 exemplo
910 2600 969 2621 suo
986 2591 1036 2622 vir

335 2634 534 2668 fortissimus
562 2643 704 2668 mortem
726 2648 788 2678 pro
813 2640 908 2670 Latio
939 2641 1035 2672 sube-

338 2687 471 2719 undam.
492 2689 619 2719 Tamen
648 2690 858 2720 acceleratur
881 2691 976 2730 equis
993 2691 1035 2722 ci-

338 2736 417 2768 tatis
430 2737 623 2769 Stilichonis
637 2739 808 2772 mandato.
833 2740 948 2772 Barth.

543 194 683 224 NoTAE
720 193 982 224 x‘AluoRUM
1019 193 1068 223 IN
1105 193 1180 222 cl..
1213 192 1393 222 CLAUD.
1428 192 1573 222 xxvi.

1127 290 1189 318 589
1214 285 1421 326 Accelerat-it]
1438 284 1594 316 Affirmat
1609 284 1696 315 enim
1709 286 1782 317 h‘aec

1085 338 1186 368 lectio
1205 337 1307 377 ipsius
1332 337 1491 372 studium,
1515 336 1673 375 junctum
1690 335 1783 367 obse-

1085 389 1162 429 quio
1180 387 1386 418 Stilichonis.

1130 438 1297 477 Italamque
1315 436 1476 466 momordit
1492 434 1632 474 arenam]
1656 434 1696 465 In
1712 435 1781 465 Ita-

1086 488 1129 518 lia
1145 494 1195 518 est
1214 488 1357 517 occisus.
1385 487 1499 516 Bai-tle.

1127 542 1189 568 590
1216 538 1360 567 Carmine
1375 536 1502 576 dignas]
1525 535 1691 566 Memoria
1706 535 1782 566 Mu-

1086 598 1196 618 sarum
1215 594 1355 618 iuterna.
1383 590 1479 618 laem.

1128 640 1190 668 592
1214 639 1325 668 Jaaice
1340 638 1444 678 serra]
1482 636 1674 677 Aliquando
1702 645 1783 666 sane

1086 697 1126 717 eo
1160 688 1356 718 veniendum
1389 693 1452 724 cst,
1479 691 1511 716 ct
1540 686 1635 725 quasi
1664 686 1786 716 Martis

1087 737 1159 766 alea
1176 736 1363 773 subeunda,
1380 742 1415 765 ut
1435 735 1557 764 veritas
1571 738 1699 773 pateat.
1738 734 1786 767 At

1087 787 1290 823 cavendum,
1309 791 1425 816 autore
1448 785 1579 822 Tacito,
1595 793 1636 814 ne
1649 785 1785 825 aliquod

1087 836 1206 866 vulnus
1225 846 1284 876 per
1307 835 1442 865 nimiam
1465 834 1622 865 fiduciam
1639 834 1786 874 accipia-

1088 892 1164 923 tur;
1193 890 1319 916 namet
1351 884 1484 915 modica
1511 884 1633 915 damna
1662 883 1785 916 famam

1086 936 1238 967 victoriae
1256 941 1362 976 partae
1386 937 1549 966 lacerant.
1593 935 1659 966 Sed
1676 944 1786 976 neque

1087 988 1217 1018 hastam
1239 987 1355 1028 abjicit
1376 986 1543 1024 Stilicho;
1576 995 1686 1026 neque
1703 995 1787 1026 prae·

1087 1037 1122 1067 lii
1141 1037 1236 1067 {iuius
1253 1042 1378 1068 eventa
1403 1036 1569 1077 pavescit.
1602 1037 1722 1066 (λιιι-ετ.

1130 1091 1191 1118 593
1217 1088 1336 1126 Dilait,
1351 1089 1419 1128 8312]
1443 1087 1533 1117 Hinc
1551 1087 1631 1116 satis
1644 1086 1788 1126 conjicio

1086 1139 1307 1170 Stilichonem
1323 1144 1520 1179 suspectum
1539 1137 1641 1167 fuisse
1658 1147 1789 1178 magnae

1089 1190 1178 1229 parti
1205 1190 1329 1227 Italiae,
1353 1199 1411 1219 seu
1442 1188 1553 1228 potius
1582 1187 1714 1225 aulicis,
1731 1187 1788 1228 qui

1089 1239 1243 1270 Honorio
1275 1238 1528 1269 insusurrabant
1562 1238 1676 1268 nescio
1706 1237 1786 1278 qnid

1088 1288 1130 1318 de
1154 1289 1249 1318 novis
1270 1288 1382 1326 rebus,
1405 1296 1486 1327 quas
1510 1287 1619 1317 moliri
1646 1287 1788 1327 putaba-

1088 1343 1168 1376 tur;
1206 1339 1293 1380 qnod
1329 1338 1449 1369 falsum
1479 1347 1551 1368 esse
1584 1337 1638 1368 hic
1663 1337 1789 1368 Alanus

1088 1394 1195 1420 morte
1209 1389 1302 1419 obita
1320 1389 1465 1429 probare
1484 1387 1601 1419 voluit.
1625 1388 1724 1419 Idem.

1133 1440 1342 1479 Immeritum]
1367 1440 1501 1470 Famam
1519 1439 1602 1470 dicit
1618 1439 1791 1479 sparsisse,

1088 1487 1234 1519 Alanum
1248 1489 1333 1519 clam
1346 1490 1518 1520 collusisse
1533 1489 1668 1520 Alarico
1681 1501 1689 1527 3
1713 1499 1790 1520 eum

1090 1547 1256 1569 rumorem
1285 1545 1393 1570 morte
1423 1550 1481 1570 sua
1513 1540 1562 1569 vir
1590 1539 1789 1571 fortissimus

1089 1587 1226 1618 delevit.
1252 1589 1368 1619 Barth.

1133 1641 1194 1668 594
1220 1639 1324 1669 Morte
1340 1640 1400 1670 riri
1416 1640 1557 1670 turbatus
1573 1640 1674 1680 eques]
1689 1640 1790 1682 Equi-

1091 1692 1159 1719 tem
1185 1689 1231 1719 ait
1249 1690 1461 1720 auxiliarium
1490 1691 1587 1721 Duce
1613 1701 1700 1722 caeso
1718 1696 1791 1724 tota

1090 1739 1163 1769 acic
1191 1738 1382 1771 fluctuasse.
1429 1741 1513 1771 Hace
1539 1741 1693 1772 nimirum
1719 1746 1791 1773 tota

1089 1794 1141 1819 cst
1158 1789 1213 1819 illa
1240 1788 1321 1829 suga
1348 1791 1556 1828 Stilichonis,
1582 1801 1679 1832 qnam
1712 1796 1789 1831 post

1089 1838 1345 1869 abominabilem
1360 1840 1432 1880 ejus
1457 1840 1584 1870 caedem
1610 1846 1790 1881 tantopere

1089 1888 1165 1919 odio
1193 1887 1376 1929 flagrantes
1404 1890 1586 1930 scriptores
1613 1896 1790 1922 auxerunt.

1088 1940 1186 1971 Idem.

1130 1994 1189 2021 595
1216 1991 1390 2021 Μηίιιεεεηε
1421 1991 1545 2029 agmina
1573 1992 1680 2032 cornu]
1717 1991 1789 2022 Me-

1086 2041 1186 2071 liores
1216 2045 1392 2073 nutassent:
1427 2042 1511 2072 vidit
1527 2042 1699 2073 Barthius.
1744 2043 1788 2074 D.

1088 2092 1198 2123 Heius.

1130 2145 1193 2173 596
1220 2142 1323 2182 Celer]
1348 2141 1552 2182 Opportune
1569 2152 1661 2173 sane.
1708 2143 1790 2174 Om-

1086 2194 1188 2234 nique
1216 2193 1395 2223 occasione
1428 2193 1542 2223 laudat
1573 2194 1786 2224 celeritatem

1086 2244 1294 2281 Stilichonis,
1321 2248 1359 2273 ut
1390 2252 1429 2272 ne
1448 2242 1638 2273 (ἀι-5111111115
1668 2248 1725 2274 aut
1743 2242 1788 2274 Α-

1088 2294 1259 2325 lexandris
1293 2292 1395 2323 faciat
1425 2292 1662 2332 relinqu-atque
1694 2293 1788 2324 dete-

1087 2343 1220 2374 riorem.
1246 2342 1360 2373 Barth.

1130 2395 1190 2424 597
1217 2391 1370 2423 Subsidiis
1382 2391 1537 2432 peditam]
1570 2392 1686 2422 Robur
1702 2403 1788 2433 prae-

1088 2442 1222 2482 cipnum
1242 2441 1306 2472 suit
1325 2442 1358 2472 in
1374 2442 1495 2472 militia
1515 2442 1679 2479 Romana,
1697 2442 1787 2483 quod

1087 2492 1141 2523 hic
1173 2492 1353 2522 advertere
1387 2496 1448 2522 est.
1494 2491 1633 2522 Stilicho
1663 2497 1788 2531 autem,

1087 2552 1128 2572 ne
1141 2542 1211 2582 quis
1225 2542 1368 2572 ulterius
1383 2540 1529 2580 fugeret,
1546 2552 1586 2572 ex
1602 2552 1701 2583 equo,
1717 2542 1788 2583 opi·

1087 2601 1162 2629 nor,
1189 2591 1377 2629 descendit,
1393 2602 1431 2621 av
1458 2602 1551 2622 suam
1576 2593 1730 2632 probavit
1753 2592 1787 2623 in

1088 2641 1187 2672 rebus
1205 2640 1314 2671 dubiis
1331 2644 1566 2673 constantiam.
1599 2642 1720 2673 Can-er.

1130 2695 1192 2723 598
1220 2691 1368 2731 Recepto]
1404 2693 1489 2722 Toto
1529 2692 1618 2723 intra
1656 2697 1787 2732 pectus.

1087 2743 1141 2774 Sic
1173 2743 1281 2784 primo
1300 2743 1450 2782 Raptus:
1488 2744 1623 2774 ‘totum
1655 2742 1786 2783 spirant
