1763 3116
543 128 617 157 cr..
651 125 949 156 anuniANJ.
1360 114 1472 154 1767

21 229 255 270 Claudiani
278 224 482 280 poemata
498 226 638 262 metro
661 220 837 261 Runieo
867 219 1100 259 induuntur
1121 231 1132 267 3
1161 218 1334 270 majora
1356 219 1398 258 in
1419 233 1471 259 eo

20 296 136 348 quod
158 296 288 345 vulgo
309 294 488 332 vocatur
521 287 643 328 blank·
664 302 782 328 verse.
823 288 922 327 svo.
948 285 1086 327 Lond.
1119 284 1245 324 1814.

77 363 169 402 The.
192 359 353 400 NVorks
375 358 425 398 of
445 356 662 397 Claudian
683 356 723 394 in
750 354 927 406 English
955 366 1090 401 verse,
1113 352 1154 392 2.
1177 351 1279 391 voll.
1297 350 1398 391 Svo.
1419 352 1474 390 ab

18 429 74 469 A.
99 428 321 474 llawkins,
345 439 413 478 eq.
437 438 529 464 aur.
593 422 849 462 Versionem
881 424 1030 459 textus
1062 419 1294 459 comitatur
1324 417 1366 456 in
1394 430 1476 469 pa-

20 498 120 547 gina
141 495 347 547 opposita
370 505 495 545 paene
519 490 573 531 ad
598 490 725 529 finem
750 488 879 541 primi
901 487 1146 535 voluminis,
1169 489 1298 538 atque
1320 485 1381 524 ibi
1400 497 1476 524 ex-

19 562 156 615 plicit.
238 560 391 600 Versio
432 560 531 611 ipsa
566 560 606 598 in
644 557 836 596 numeris
882 555 1071 595 Runicis
1100 553 1358 607 procedens,
1398 552 1477 591 etsi

20 642 100 682 pro
121 634 240 668 certo
270 641 352 668 non
389 627 519 679 digna
552 624 816 671 Claudiam),
840 623 949 662 hane
982 626 1123 662 tamen
1146 621 1317 660 laudem
1341 632 1478 658 mere-

21 702 102 745 tur,
126 709 295 748 nempe,
320 708 417 735 eam
432 695 569 734 solam
592 693 782 732 oninium
806 690 1037 730 Claudiani
1063 689 1478 742 interpretationum,

21 763 362 813 Anglieanarum
394 762 562 808 saltem,
586 762 743 799 cuncta
771 771 870 811 quae
895 757 1130 797 Claudiani
1154 758 1253 805 sint,
1285 760 1326 795 et
1346 755 1478 795 etiam

23 844 123 884 quae
147 830 389 870 Claudiano
412 828 604 879 ascripta
625 825 796 873 fuerint,
819 825 1069 877 complecti.
1094 824 1234 863 Lond.
1256 823 1383 863 1817.

82 897 147 937 Cl.
171 897 403 937 Claudiani
439 895 601 947 Opera„
645 897 656 913 ‘
680 906 738 932 ex
766 892 954 932 editione
988 892 1107 931 Petri
1145 891 1381 930 Burmanni
1412 902 1482 930 sc-

25 964 168 1012 eundi,
203 963 353 1003 sedula
385 961 643 1002 recensione
681 958 921 1006 accu1·ata‚’
952 958 1103 997 nitidis
1132 962 1173 998 et
1205 958 1332 997 claris
1363 958 1481 1010 typis

23 1044 251 1084 expressa.
311 1029 479 1070 Textus
499 1041 649 1081 purUS,
672 1028 763 1066 sine
782 1026 912 1066 notis.
936 1025 1077 1065 12mo.
1102 1024 1245 1064 Lond.
1269 1023 1395 1063 1819.

82 1099 150 1139 De
172 1098 374 1151 pauculis
406 1096 638 1136 Claudiani
671 1094 941 1148 portionibus
975 1097 1018 1133 et
1054 1091 1369 1132 imitationibus
1396 1103 1484 1130 me-

22 1167 309 1208 morabilibus
344 1178 479 1218 supra
505 1164 673 1204 dictum
707 1167 785 1202 est.
847 1160 966 1200 Addi
996 1160 1142 1200 forsan
1176 1159 1347 1212 possint
1384 1158 1482 1198 aliae

23 1247 197 1289 paucam
257 1233 389 1273 Tales
425 1235 536 1280 sunt,
563 1230 680 1283 apud
714 1229 898 1278 Gallos3
946 1228 1008 1267 Le
1038 1230 1406 1268 commencement
1427 1226 1485 1265 du

30 1302 339 1342 Ravissement
371 1299 424 1338 de
462 1297 739 1350 Proserpine,
777 1295 887 1335 trad.
923 1308 977 1334 en
1010 1307 1109 1334 vers
1151 1292 1186 1332 F
1190 1293 1365 1344 rancois
1406 1305 1486 1345 par

26 1368 186 1409 l'Abbe
212 1367 375 1408 Miehel
415 1366 623 1405 Marolles
644 1379 653 1405 :
686 1366 809 1404 extat
848 1363 892 1402 in
935 1361 1114 1402 Gallica
1153 1360 1249 1413 ejus
1287 1360 1485 1400 versione

27 1436 157 1476 Statii
180 1432 481 1481 Achilleidos,
495 1446 596 1485 quae
613 1432 805 1472 omnium
833 1430 1075 1470 Marollesii
1094 1430 1355 1476 versionum,
1379 1439 1486 1480 qua-

23 1503 228 1555 licrmque
250 1501 381 1541 modo
405 1505 748 1553 compactarum,
770 1501 837 1538 est
857 1497 1082 1537 rarissima
1097 1495 1304 1549 :¹——apud
1328 1495 1486 1545 Italos3

26 1571 68 1611 in
100 1569 438 1610 Prolusionibus
477 1566 678 1607 Famiani
712 1565 902 1614 Stradae,
926 1563 1209 1604 Concertatio
1239 1562 1315 1602 illa
1337 1561 1488 1601 Philo-

26 1637 150 1678 melae
181 1642 224 1678 et
246 1636 523 1684 Citharoedi,z
558 1635 748 1675 omnium
782 1632 952 1674 Stradae
989 1630 1301 1683 elegantiarum
1320 1629 1490 1681 elegan-

27 1705 214 1753 tissima,
237 1708 279 1744 et
305 1717 388 1743 non
420 1704 517 1756 ipso
552 1700 797 1741 Claudiano
825 1700 1006 1751 indigna
1023 1697 1214 1750 z—apud
1236 1695 1431 1749 Anglos3
1464 1708 1491 1735 a

31 1772 314 1825 Description
345 1769 398 1810 of
422 1770 490 1810 the
522 1769 729 1817 Phoenix,
764 1782 790 1808 a
820 1768 991 1808 Thema
1021 1765 1207 1814 Tickell,
1231 1779 1300 1818 eq.
1333 1777 1424 1804 aur.
1446 1763 1491 1803 in

33 1839 255 1892 Operibus
277 1839 374 1892 ejus
409 1837 528 1890 apud
558 1836 755 1876 Minores
786 1834 965 1883 Po'etas,
987 1833 1076 1874 vol.
1112 1844 1162 1872 11.
1196 1832 1350 1872 editis:
1396 1830 1490 1871 The

32 1907 172 1947 Court
193 1907 242 1946 of
256 1906 424 1954 Venus,
446 1918 472 1944 a
489 1905 582 1944 viro
603 1903 717 1944 Rev.
749 1903 979 1943 Lawrence
1003 1901 1196 1948 Eusden,
1218 1898 1355 1952 poeta
1376 1898 1491 1938 Lau-

30 1979 166 2022 reato,
188 1975 370 2015 feliciter
393 1973 673 2014 concinnata:
696 1971 790 2011 The
809 1970 944 2010 Court
961 1969 1013 2009 of
1030 1968 1198 2017 Venus,
1214 1981 1239 2007 a
1251 1967 1415 2020 juvene
1429 1965 1492 2004 in-

31 2043 171 2083 felicis
188 2043 421 2090 memoriae,
437 2042 540 2081 olim
555 2039 678 2080 Sidn.
694 2038 802 2079 Coll.
821 2037 1006 2078 Cantab.
1022 2036 1212 2084 alumno,
1233 2034 1339 2074 Gul.
1356 2032 1496 2073 Patti-

36 2124 128 2151 son.
153 2109 293 2150 Lond.
315 2108 441 2150 1723.
492 2107 548 2147 Et
570 2106 812 2159 nuperrime
827 2104 990 2159 (Lond.
1013 2101 1274 2156 1820)inter
1290 2099 1496 2154 poemata

35 2178 175 2218 fictitii
200 2176 388 2216 nominis
412 2174 579 2223 Poetae,
599 2175 738 2227 Barry
763 2172 996 2221 Cornwall,
1021 2172 1194 2224 Raptus
1220 2168 1496 2222 Proserpinae

36 2244 275 2286 dramatiee
305 2244 548 2284 exhibetur.
621 2241 682 2282 At
705 2241 899 2294 quidem,
920 2239 1053 2280 variae
1075 2236 1377 2293 hujuscemodi
1398 2248 1498 2288 por-

36 2312 176 2352 tiones
195 2312 263 2352 vel
284 2312 544 2351 imitationes
565 2312 966 2349 annumerarentur:
990 2308 1123 2347 immo
1141 2319 1193 2345 ne
1215 2308 1412 2345 nostrum
1428 2303 1496 2355 ip-

40 2392 138 2419 sum
171 2378 450 2430 Shakspeare
471 2378 765 2418 Claudianum
802 2376 930 2429 sequi
965 2375 1245 2427 dedignatum
1278 2385 1372 2412 esse
1405 2370 1498 2423 qui-

696 2476 838 2507 NOTAE

83 2544 98 2571 l
124 2541 158 2571 Si
177 2541 248 2581 quis
262 2540 303 2570 de
323 2540 392 2570 viro
407 2540 480 2579 ipso
498 2545 533 2570 et
551 2540 652 2570 variis
668 2540 741 2579 ejus
797 2540 890 2571 naire
926 2539 1096 2578 Critique‚
1131 2535 1190 2565 sub
1212 2533 1370 2564 Marones.

41 2591 237 2622 Latinorum
272 2591 500 2621 classicorum
535 2590 742 2620 versionibus
841 2593 860 2620 2
917 2587 1069 2619 Famiani
1108 2584 1241 2615 Stradae
1282 2581 1497 2614 Prolusiones

43 2642 143 2681 plura
161 2641 253 2682 velit,
269 2642 371 2672 adeat
397 2641 562 2672 Nouveau
588 2641 745 2672 Diction-
803 2638 1030 2677 Acadenncae,
1047 2636 1104 2667 lib.
1122 2644 1160 2665 11.
1178 2633 1324 2675 prolusio
1343 2636 1447 2661 sextu.
