1763 3116
371 180 423 210 IN
458 181 490 210 1.
524 181 663 211 coNS.
695 181 910 211 STlLICH.
943 183 1040 214 Lm.
1073 185 1105 214 1.

53 276 115 304 587
138 272 279 313 Duplex]
303 273 342 303 In
360 272 442 302 duas
458 276 574 312 partes
594 273 711 304 scissa.

9 322 175 354 Avaritiae
194 327 397 353 commento.
422 322 539 352 Barth.

50 376 113 404 ⁵88
130 373 253 404 Sura-ire
263 371 444 411 peremptae]
457 372 560 402 Forte
571 372 710 412 redemp-

7 426 66 454 toe:
89 423 139 452 vel
155 422 325 460 diremptae.
356 420 399 450 D.
418 421 537 451 Heius.

49 476 113 505 589
134 473 214 503 Arte
230 471 367 511 reperta]
386 472 512 502 Fraude
529 472 622 512 prior
637 472 711 503 Mo-

5 523 90 554 reti:
115 531 217 561 supra
249 521 306 552 lib.
324 530 349 551 1.
374 523 382 537 ‘
411 531 474 552 nec
506 520 627 553 fraude
659 533 708 553 re-

4 577 103 613 perta
131 571 272 602 Cautior
299 571 384 601 elusi
412 570 567 601 fremitus
598 572 705 603 vitare

3 621 140 652 mariti.'
162 622 251 652 Vide
268 631 342 662 quae
358 626 512 652 notamus
524 622 622 654 Bello
635 624 707 654 Gil-

3 671 134 709 donico,
160 682 207 702 vs.
231 674 305 702 264.
331 672 430 702 Idem.

46 725 109 753 595
137 721 283 762 Offensa]
309 722 430 753 Laesio.
462 723 708 762 Tertullianus,

3 771 61 802 lib.
78 772 121 802 de
136 771 316 808 Oratione,
331 781 406 811 cap.
425 774 476 802 10.
495 774 504 789 ‘
523 773 599 804 Nec
617 774 709 813 prius

2 821 246 851 adscendamus
260 820 302 850 ad
328 821 393 850 Dei
411 821 519 851 altare
545 832 657 862 quain,
681 823 707 853 si

4 871 83 911 quid
105 870 283 900 discordia*
314 871 363 901 vel
381 869 516 901 offensae
540 881 615 902 cum
642 872 708 903 fra-

4 921 111 950 tribus
154 920 437 958 contraxerimus,
478 922 706 953 resolvamus.¹

4 971 121 1001 Barth.

44 1023 107 1051 596
131 1020 283 1060 Suprema
306 1020 445 1060 pericula
469 1021 604 1061 semper]
629 1022 705 1052 Pia-

1 1071 68 1102 culu
83 1071 171 1102 alter
184 1070 322 1110 Moreti,
338 1070 466 1102 Thuau.
482 1075 517 1102 et
531 1080 612 1102 unus
629 1071 703 1102 Me—

1359 180 1471 221 1499

765 273 882 305 diceus
909 285 984 306 cum
1017 276 1139 316 quinto
1172 277 1355 310 Vaticano.
1391 292 1472 321 quo-

764 324 865 354 modo
882 332 914 356 et
932 326 1127 357 Oiselianus
1151 337 1170 357 a
1188 338 1286 358 m-inu
1309 331 1471 362 secunda.

765 373 809 404 D.
827 374 941 405 Heius.

809 424 958 464 Suprema
983 428 1120 467 pericula
1135 438 1255 468 semper
1275 429 1365 459 Dant
1387 432 1474 460 veni-

764 485 814 505 am
857 477 968 516 culpoe]
1018 478 1187 508 Convenit
1229 479 1469 518 vulgatissimae

762 525 1082 558 Jureconsultorum
1129 529 1284 568 Regulae,
1331 530 1398 560 etsi
1436 530 1471 560 in

765 575 864 605 alium
882 586 1015 608 sensum
1032 578 1086 609 hic
1103 580 1283 618 prolatum.
1307 579 1427 611 Barth.

807 628 870 656 600
893 625 1076 668 Splendore]
1101 629 1147 659 Ut
1164 628 1330 659 salutiferi
1346 629 1448 662 Solis.

806 678 870 706 602
910 677 1035 717 Unaque
1057 688 1114 718 pro
1140 679 1282 719 gemino]
1318 679 1386 711 Hic
1419 680 1470 711 vir

763 725 883 757 doctus
901 732 999 766 putat
1013 728 1165 768 quaedain
1180 728 1385 760 desiderari:
1404 739 1468 770 ego

764 785 843 806 vero
874 777 1032 809 minime:
1063 779 1216 818 quamvis
1244 780 1382 810 tertium
1412 780 1469 811 de-

764 825 875 865 signet
891 828 1050 867 antiquus
1076 829 1181 866 libel-3
1206 830 1286 870 quid
1304 830 1393 860 enim
1414 830 1469 870 ju-

763 875 851 905 verit
869 882 1002 907 mortuo
1019 877 1196 918 insultare,
1219 888 1318 918 quein
1336 880 1398 919 ipsi
1421 880 1469 910 vi-

763 934 842 954 vere
855 926 896 955 ad
912 936 1043 965 poenam
1058 929 1284 966 optaverant?
1301 929 1348 959 ait
1360 929 1466 960 enim:

767 975 842 1005 Vive
853 976 1067 1015 pudor-satis.-
1089 977 1172 1006 nihil
1192 983 1301 1007 tamen
1323 979 1468 1018 periculi

761 1024 873 1062 video,
897 1026 924 1056 si
941 1025 1076 1057 credas.
1105 1026 1228 1057 Cim-er.

653 1386 802 1426 XXI.

148 1554 222 1602 IN
266 1554 311 1601 Ι.
353 1552 562 1601 CONS.
596 1551 1049 1600 STILICHONIS
1090 1553 1233 1602 LIB.
1268 1556 1311 1602 Ι.

41 1731 211 1762 Lucas-sm
253 1731 375 1771 aliique
418 1731 571 1762 nonnulli
607 1730 699 1762 codi-

0 1792 56 1812 ces
73 1790 118 1812 οε
137 1783 350 1813 Cossu-mro
365 1780 699 1813 S'rimcnomshunc

0 1831 117 1862 librum
149 1831 346 1862 inscribunt.
407 1831 516 1872 quue
548 1832 696 1870 rectius;

0 1886 144 1912 testatur
171 1882 240 1922 ipse
271 1882 328 1912 illo
358 1892 482 1913 versu:
523 1883 697 1914 ‘Consule

0 1930 144 1962 defensae
171 1937 311 1970 surgunt
335 1932 521 1963 Stilichone
539 1931 696 1964 curules.'

0 1982 156 2022 Optimus
173 1988 285 2013 tamen
301 1984 488 2014 Vaticanus
504 1993 580 2014 cum
598 1983 696 2014 Oise-

0 2032 96 2070 liano,
139 2033 281 2064 INcipiT
325 2034 418 2064 LAus
452 2034 697 2065 S'riucuoms.

0 2082 108 2113 Llssm
135 2092 287 2115 termeno
317 2093 371 2114 ιιι.
410 2084 583 2114 Caeterum
612 2084 697 2114 Bar-

0 2132 82 2164 thius
111 2125 192 2163 duos
221 2135 344 2173 primos
366 2134 470 2165 libros
485 2135 525 2165 ad
550 2135 695 2174 priorem

0 2182 188 2214 Stilichonis
219 2183 440 2214 Consulatum
471 2182 591 2223 refert,
628 2189 696 2215 ter-

0 2234 76 2264 lium
104 2234 146 2264 ad
175 2234 409 2274 posteriorem.
438 2235 490 2265 cui
517 2235 695 2266 sententiae

0 2284 178 2316 iubscribo.
200 2284 267 2316 Sed
280 2284 369 2325 quod
383 2285 521 2315 additur
533 2285 583 2315 liis
598 2295 695 2326 quar-

0 2339 46 2367 tus
62 2335 105 2366 ab
121 2336 178 2367 illo
195 2335 296 2374 liber,
311 2336 367 2377 qui
395 2336 437 2367 de
454 2336 553 2366 Bello
571 2335 696 2367 Getico

0 2387 27 2415 iu
57 2386 205 2426 vulgatis
242 2386 449 2417 editionibus
488 2387 695 2426 nominatur,

0 2443 59 2465 non
74 2445 207 2476 possum
225 2437 395 2467 assentiri.
423 2438 467 2467 D.
487 2437 598 2467 Heius.

35 2486 143 2518 Vetus
173 2488 258 2519 liber
288 2488 405 2518 laudes
432 2487 628 2518 Stilichonis
659 2487 692 2518 in

0 2538 64 2566 tres
92 2536 191 2568 libros
217 2538 340 2569 dividit
371 2539 579 2570 rectissime:
614 2543 693 2569 sunt

0 2585 83 2615 enim
109 2591 177 2617 tres
195 2588 398 2628 l'anegyrici
415 2589 457 2619 de
475 2598 539 2620 uno
556 2588 691 2619 eodeni-

0 2645 60 2676 que
78 2635 275 2668 Consulatu.
299 2639 375 2670 duae
398 2640 529 2679 priores
547 2639 692 2669 invitant

0 2686 225 2726 Stilichonem,
246 2689 301 2728 qui
326 2690 476 2729 speciem
502 2690 692 2720 recusantis

0 2746 67 2778 prae
86 2747 122 2769 se
151 2736 308 2776 ferebat;
339 2739 409 2770 sive
432 2740 467 2771 id
490 2741 608 2772 innata
630 2740 693 2782 ipsi

753 1729 922 1761 modestia
933 1731 1086 1762 evenerit
1098 1742 1106 1769 ;
1125 1731 1194 1762 sive
1207 1735 1300 1763 metu
1313 1731 1460 1763 invidiae.

754 1781 897 1812 Constat
925 1781 1014 1812 enim
1036 1781 1233 1823 Olympium
1251 1787 1285 1814 et
1302 1782 1459 1813 Heracli-

752 1840 851 1862 anum
865 1831 1022 1872 Principi
1036 1832 1201 1871 Houor-io,
1212 1832 1292 1863 satis
1308 1832 1461 1871 credulo,

751 1881 906 1922 quaedam
919 1881 1099 1921 detulisse,
1115 1892 1188 1923 quae
1201 1883 1370 1913 hominem
1389 1892 1460 1913 sus-

753 1937 892 1972 pectum
909 1932 1134 1965 reddiderint.
1160 1934 1284 1964 Clarer.

796 1986 811 2013 1
841 1983 1033 2014 Continuant
1049 1983 1178 2023 Superi]
1216 1983 1264 2014 Ut
1280 1982 1389 2014 fluunt
1403 1992 1456 2014 res

751 2033 957 2072 mortalium,
972 2033 1181 2073 interpolata
1193 2032 1352 2072 felicitas,
1365 2033 1458 2063 nulla

751 2084 899 2115 felicitas
916 2089 980 2115 est.
1026 2084 1074 2114 Ut
1092 2089 1205 2114 autem
1223 2093 1261 2113 ea
1279 2084 1458 2115 continue-

751 2140 818 2174 tur,
834 2139 1030 2166 constanter
1046 2135 1151 2165 etiam
1168 2139 1270 2175 atque
1295 2142 1457 2174 perseve-

750 2191 866 2217 ranter
881 2185 1017 2215 virtutis
1034 2184 1154 2215 studiis
1178 2184 1243 2215 erit
1258 2184 1456 2215 incumben-

751 2236 830 2267 dum
845 2237 915 2267 viro
933 2236 1101 2276 Principi‚
1124 2235 1209 2266 adeo
1235 2240 1272 2266 ut
1292 2234 1334 2266 ab
1351 2234 1455 2265 omni-

750 2287 811 2318 bns
842 2287 921 2317 vitae
952 2286 1082 2317 deliciis
1113 2286 1174 2317 hoc
1211 2285 1346 2316 nomine
1381 2294 1454 2316 sese

749 2341 899 2377 separet,
923 2337 1031 2367 somni
1047 2337 1091 2367 sit
1116 2335 1316 2376 parcissimi,
1331 2335 1454 2366 sollici-

750 2387 904 2418 tudinum
934 2386 1152 2423 infinstarum,
1179 2387 1228 2417 uti
1260 2385 1380 2417 scribit
1409 2384 1453 2415 ad

747 2437 931 2469 Arcadium
972 2437 1243 2476 Syunsius...nam
1274 2437 1282 2452 ⁴
1315 2436 1451 2476 dicique

749 2488 866 2519 beatus
892 2487 984 2518 Ante
1011 2487 1139 2517 obitum
1164 2496 1263 2517 nemo
1280 2495 1452 2525 suprema-

747 2549 812 2580 que
836 2538 954 2569 funera
975 2538 1104 2568 debet.'
1151 2538 1240 2567 Deos
1256 2542 1369 2568 autem
1388 2537 1452 2566 Ro-

746 2600 845 2620 mana
862 2590 987 2628 gaudia
1010 2588 1209 2619 continuare
1236 2588 1295 2627 ait,
1309 2587 1451 2618 felicita·

748 2645 817 2672 tem
834 2640 987 2670 iudicans
1005 2644 1208 2679 temporum.

794 2691 891 2721 Pleno
901 2689 1028 2730 favore]
1055 2690 1192 2722 Quanto
1209 2694 1359 2729 possunt,
1378 2686 1449 2728 Op«

749 2739 843 2781 timo,
858 2739 1023 2772 Maximo.
1047 2738 1163 2770 Barth.
